Perfumeria E Higiene,Bastoncillos de algodón Carrefour 160 ud.,"0,60 €",N/A,https://www.carrefour.es/supermercado/bastoncillos-de-algodon-carrefour-160-ud-carrefour/R-521001155/p
,,,,
Perfumeria E Higiene,Dentífrico triple action menta original Colgate pack de 2 unidades de 75 ml.,"2,40 €","1,60 €/100ml",https://www.carrefour.es/supermercado/bastoncillos-de-algodon-carrefour-160-ud-carrefour/R-521001155/p
,,,,
Perfumeria E Higiene,Gel de ducha refrescante Frescor Azul Carrefour 750 ml.,"0,75 €","0,10 €/100ml",https://www.carrefour.es/supermercado/dentifrico-triple-action-menta-original-colgate-pack-de-2-unidades-de-75-ml-colgate/R-521028427/p
,,,,
Perfumeria E Higiene,Jabón de manos aroma frutal Carrefour 500 ml.,"0,78 €","0,16 €/100ml",https://www.carrefour.es/supermercado/dentifrico-triple-action-menta-original-colgate-pack-de-2-unidades-de-75-ml-colgate/R-521028427/p
,,,,
Perfumeria E Higiene,Gel de ducha frutal 1 l.,"0,88 €","0,09 €/100ml",https://www.carrefour.es/supermercado/gel-de-ducha-refrescante-frescor-azul-carrefour-750-ml-carrefour/R-prod1070614/p
,,,,
Perfumeria E Higiene,Jabón de manos algodón Carrefour 500 ml.,"0,78 €","0,16 €/100ml",https://www.carrefour.es/supermercado/gel-de-ducha-refrescante-frescor-azul-carrefour-750-ml-carrefour/R-prod1070614/p
,,,,
Perfumeria E Higiene,Discos desmaquillantes 120 ud.,"0,68 €","0,01 €/ud",https://www.carrefour.es/supermercado/jabon-de-manos-aroma-frutal-carrefour-500-ml-carrefour/R-prod1120220/p
,,,,
Perfumeria E Higiene,Bastoncillos de algodón 200 ud.,"0,68 €","0,33 €/100ml",https://www.carrefour.es/supermercado/jabon-de-manos-aroma-frutal-carrefour-500-ml-carrefour/R-prod1120220/p
,,,,
Perfumeria E Higiene,Gel de ducha Nutritivo Lactovit 900 ml.,"2,99 €","3,00 €/100ml",https://www.carrefour.es/supermercado/gel-de-ducha-frutal-1-l-producto-blanco/R-prod1070617/p
,,,,
Perfumeria E Higiene,Dentífrico Pro-Expert Multi-Protección Menta Fresca Oral-B pack de 2 unidades de 75 ml.,"4,50 €","0,27 €/100ml",https://www.carrefour.es/supermercado/gel-de-ducha-frutal-1-l-producto-blanco/R-prod1070617/p
,,,,
Perfumeria E Higiene,Gel de ducha hidratante Natural Honey 750 ml.,"0,99 €","0,99 €/ud",https://www.carrefour.es/supermercado/jabon-de-manos-algodon-carrefour-500-ml-carrefour/R-fprod1190661/p
,,,,
Perfumeria E Higiene,Dentífrico protección caries fluor con calcio Colgate 50 ml.,"0,88 €","0,09 €/100ml",https://www.carrefour.es/supermercado/jabon-de-manos-algodon-carrefour-500-ml-carrefour/R-fprod1190661/p
,,,,
Perfumeria E Higiene,Gel de ducha clásico suave para todo tipo de pieles 1000 ml.,"2,20 €","0,05 €/ud",https://www.carrefour.es/supermercado/discos-desmaquillantes-120-ud-producto-blanco/R-803482483/p
,,,,
Perfumeria E Higiene,Protegeslip Cottonlike normal Evax 44 ud.,"1,45 €","1,93 €/100ml",https://www.carrefour.es/supermercado/discos-desmaquillantes-120-ud-producto-blanco/R-803482483/p
,,,,
Perfumeria E Higiene,Dentífrico triple acción menta original Colgate 75 ml.,"1,34 €","3,20 €/100ml",https://www.carrefour.es/supermercado/bastoncillos-de-algodon-200-ud-producto-blanco/R-835033653/p
,,,,
Perfumeria E Higiene,Dentífrico original 12h protección completa Colgate Total 75 ml,"1,30 €","0,27 €/100ml",https://www.carrefour.es/supermercado/bastoncillos-de-algodon-200-ud-producto-blanco/R-835033653/p
,,,,
Perfumeria E Higiene,Enjuague bucal triple acción Carrefour 500 ml.,"3,99 €","0,26 €/100ml",https://www.carrefour.es/supermercado/gel-de-ducha-nutritivo-lactovit-900-ml-lactovit/R-706508521/p
,,,,
Perfumeria E Higiene,Jabón de manos avena Carrefour 500 ml.,"1,25 €","0,12 €/ud",https://www.carrefour.es/supermercado/gel-de-ducha-nutritivo-lactovit-900-ml-lactovit/R-706508521/p
,,,,
Perfumeria E Higiene,Compresas Cottonlike normal con alas Evax 32 ud.,"2,40 €","0,17 €/100ml",https://www.carrefour.es/supermercado/promocion?promoId=promof2530014
,,,,
Perfumeria E Higiene,Gel de ducha Hidratante Coco Carrefour 750 ml.,"1,13 €","1,60 €/100ml",https://www.carrefour.es/supermercado/dentifrico-pro-expert-multi-proteccion-menta-fresca-oral-b-pack-de-2-unidades-de-75-ml-oral-b/R-692602666/p
,,,,
Perfumeria E Higiene,Dentífrico anti-sarro+blanqueador Colgate pack de 2 unidades de 75 ml.,"2,80 €","0,11 €/ud",https://www.carrefour.es/supermercado/dentifrico-pro-expert-multi-proteccion-menta-fresca-oral-b-pack-de-2-unidades-de-75-ml-oral-b/R-692602666/p
,,,,
Perfumeria E Higiene,Compresas ultra con alas Noche Carrefour 10 ud.,"1,30 €","0,47 €/100ml",https://www.carrefour.es/supermercado/gel-de-ducha-hidratante-natural-honey-750-ml-natural-honey/R-521008001/p
Perfumeria E Higiene,Gel de ducha hidratante avena Instituto Español 1250 ml.,"1,92 €","0,15 €/100ml",https://www.carrefour.es/supermercado/gel-de-ducha-hidratante-avena-instituto-espanol-1250-ml-instituto-espanol/R-522713540/p
Perfumeria E Higiene,Compresas Cottonlike noche con alas Evax 18 ud.,"4,25 €","0,24 €/ud",https://www.carrefour.es/supermercado/gel-de-ducha-hidratante-avena-instituto-espanol-1250-ml-instituto-espanol/R-522713540/p
Perfumeria E Higiene,Dentífrico original Colgate Total pack de 2 unidades de 75 ml.,"3,90 €","2,60 €/100ml",https://www.carrefour.es/supermercado/compresas-cottonlike-noche-con-alas-evax-18-ud-evax/R-795705218/p
Perfumeria E Higiene,Desodorante roll-on dermo extra control 48h antitranspirante piel sana Sanex pack de 2 unidades de 50 ml.,"3,35 €","3,35 €/100ml",https://www.carrefour.es/supermercado/compresas-cottonlike-noche-con-alas-evax-18-ud-evax/R-795705218/p
Perfumeria E Higiene,Gel de ducha en crema con leche y miel NB Palmolive 600 ml.,"2,50 €","0,42 €/100ml",https://www.carrefour.es/supermercado/HuchaPromocion?promoId=huchaDisc420089
Perfumeria E Higiene,Enjuague bucal triple action Colgate 500 ml.,"3,15 €","0,63 €/100ml",https://www.carrefour.es/supermercado/dentifrico-original-colgate-total-pack-de-2-unidades-de-75-ml-colgate/R-prod1020145/p
Perfumeria E Higiene,Gel de ducha nutritivo intenso Dove 750 ml.,"2,00 €","0,53 €/100ml",https://www.carrefour.es/supermercado/dentifrico-original-colgate-total-pack-de-2-unidades-de-75-ml-colgate/R-prod1020145/p
Perfumeria E Higiene,Gel de ducha aloe vera con sales minerales piel ultrahidratada La Toja 550 ml.,"3,99 €","0,36 €/100ml",https://www.carrefour.es/supermercado/promocion?promoId=promof2530050
Perfumeria E Higiene,Compresas Cottonlike super con alas Evax 24 ud.,"1,62 €","0,17 €/ud",https://www.carrefour.es/supermercado/desodorante-roll-on-dermo-extra-control-48h-antitranspirante-piel-sana-sanex-pack-de-2-unidades-de-50-ml-sanex/R-520664814/p
Perfumeria E Higiene,Protegeslip normal Carrefour 60 ud.,"4,00 €","0,03 €/ud",https://www.carrefour.es/supermercado/desodorante-roll-on-dermo-extra-control-48h-antitranspirante-piel-sana-sanex-pack-de-2-unidades-de-50-ml-sanex/R-520664814/p
Perfumeria E Higiene,Champú anticaspa Classic para cabello normal H&S 360 ml.,"2,75 €","1,11 €/100ml",https://www.carrefour.es/supermercado/promocion?promoId=promof2530012
Perfumeria E Higiene,Jabón de manos hidratante con aloe vera y té verde Sanytol 250 ml,"2,00 €","1,10 €/100ml",https://www.carrefour.es/supermercado/gel-de-ducha-en-crema-con-leche-y-miel-nb-palmolive-600-ml-nb-palmolive/R-530067240/p
Perfumeria E Higiene,Gel de ducha con sales minerales de agua termal piel suave y cuidada La Toja 550 ml.,"1,30 €","0,36 €/100ml",https://www.carrefour.es/supermercado/gel-de-ducha-en-crema-con-leche-y-miel-nb-palmolive-600-ml-nb-palmolive/R-530067240/p
Perfumeria E Higiene,Jabón de manos aloe vera Carrefour 500 ml.,"1,60 €","0,26 €/100ml",https://www.carrefour.es/supermercado/promocion?promoId=promof2530009
Perfumeria E Higiene,Jabón de manos en pastilla Beauty Cream Bar Dove pack de 2 unidades de 100 g.,"1,36 €","0,80 €/100g",https://www.carrefour.es/supermercado/enjuague-bucal-triple-action-colgate-500-ml-colgate/R-760342272/p
Perfumeria E Higiene,Champú anticaspa para cabello graso Citrus Fresh H&S 90 ml.,"5,70 €","1,81 €/100ml",https://www.carrefour.es/supermercado/enjuague-bucal-triple-action-colgate-500-ml-colgate/R-760342272/p
Perfumeria E Higiene,Dentífrico para dientes sensibles Duplo Pack Blanqueante Sensodyne pack de 2 unidade de 75 ml.,"3,85 €","3,80 €/100ml",https://www.carrefour.es/supermercado/gel-de-ducha-nutritivo-intenso-dove-750-ml-dove/R-797608358/p
Perfumeria E Higiene,SALVASLIP EVAX MAXI PACK 72 UN,"3,90 €","0,05 €/ud",https://www.carrefour.es/supermercado/gel-de-ducha-nutritivo-intenso-dove-750-ml-dove/R-797608358/p
Perfumeria E Higiene,Gel de ducha elixir de argán Natural Honey 650 ml.,"2,50 €","0,30 €/100ml",https://www.carrefour.es/supermercado/HuchaPromocion?promoId=huchaDisc420090
Perfumeria E Higiene,Mascarilla capilar reconstructora de keratina Repara & Protege Pro-V Pantene 300 ml.,"2,40 €","1,30 €/100ml",https://www.carrefour.es/supermercado/gel-de-ducha-aloe-vera-con-sales-minerales-piel-ultrahidratada-la-toja-550-ml-la-toja/R-prod810479/p
Perfumeria E Higiene,Dentífrico para dientes sensibles Duplo Pack Proteción diaria Sensodyne pack de 2 unidades de 75 ml.,"5,70 €","3,80 €/100ml",https://www.carrefour.es/supermercado/dentifrico-para-dientes-sensibles-duplo-pack-protecion-diaria-sensodyne-pack-de-2-unidades-de-75-ml-sensodyne/R-prod60066/p
Perfumeria E Higiene,Jabón de manos glicerina Carrefour 500 ml.,"1,30 €","0,26 €/100ml",https://www.carrefour.es/supermercado/dentifrico-para-dientes-sensibles-duplo-pack-protecion-diaria-sensodyne-pack-de-2-unidades-de-75-ml-sensodyne/R-prod60066/p
Perfumeria E Higiene,Gel de ducha en crema con flor de cereza NB Palmolive 600 ml.,"2,50 €","0,42 €/100ml",https://www.carrefour.es/supermercado/jabon-de-manos-glicerina-carrefour-500-ml-carrefour/R-fprod1350034/p
Perfumeria E Higiene,Champú Color-Vive para cabello teñido o con mechas L'Oréal-Elvive 370 ml.,"2,75 €","1,02 €/100ml",https://www.carrefour.es/supermercado/jabon-de-manos-glicerina-carrefour-500-ml-carrefour/R-fprod1350034/p
Perfumeria E Higiene,Compresas con alas noche Ausonia 24 ud.,"1,30 €","0,19 €/ud",https://www.carrefour.es/supermercado/gel-de-ducha-en-crema-con-flor-de-cereza-nb-palmolive-600-ml-nb-palmolive/R-526413853/p
Perfumeria E Higiene,Compresas super con alas Evax Liberty 10 ud.,"2,29 €","0,27 €/ud",https://www.carrefour.es/supermercado/gel-de-ducha-en-crema-con-flor-de-cereza-nb-palmolive-600-ml-nb-palmolive/R-526413853/p
Perfumeria E Higiene,Jabón de manos perfume manzana Carrefour Kids 500 ml.,"3,84 €","2,60 €/100ml",https://www.carrefour.es/supermercado/promocion?promoId=promof2530009
Perfumeria E Higiene,Gel de ducha en crema con proteínas de leche NB Palmolive 600 ml.,"0,54 €","0,39 €/100ml",https://www.carrefour.es/supermercado/champu-color-vive-para-cabello-tenido-o-con-mechas-loreal-elvive-370-ml-loreal-elvive/R-825202143/p
Perfumeria E Higiene,Gel de ducha nutritivo Lactovit 600 ml.,"2,64 €","0,38 €/100ml",https://www.carrefour.es/supermercado/champu-color-vive-para-cabello-tenido-o-con-mechas-loreal-elvive-370-ml-loreal-elvive/R-825202143/p
Perfumeria E Higiene,Champú fortificante para pelo frágil con tendencia a caerse full resist L'Oréal-Elvive 370 ml.,"2,40 €","1,04 €/100ml",https://www.carrefour.es/supermercado/promocion?promoId=promof2530047
Perfumeria E Higiene,Discos de algodón desmaquillantes Carrefour 35 ud.,"0,90 €","0,02 €/ud",https://www.carrefour.es/supermercado/compresas-con-alas-noche-ausonia-24-ud-ausonia/R-866818910/p
Perfumeria E Higiene,Dentífrico Pro-Expert limpieza profunda Oral-B 75 ml.,"1,58 €","3,52 €/100ml",https://www.carrefour.es/supermercado/compresas-con-alas-noche-ausonia-24-ud-ausonia/R-866818910/p
Perfumeria E Higiene,Dentifrico fres gel Colgate pack de 2 unidades de 75 ml.,"5,00 €","1,60 €/100ml",https://www.carrefour.es/supermercado/HuchaPromocion?promoId=huchaDisc420089
Perfumeria E Higiene,"Seda dental mentolada, 50 m. Carrefour 1 ud.","4,88 €","0,02 €/m",https://www.carrefour.es/supermercado/compresas-super-con-alas-evax-liberty-10-ud-evax-liberty/R-prod260488/p
Perfumeria E Higiene,Compresas normal sin alas Evax 40 ud.,"1,75 €","0,09 €/ud",https://www.carrefour.es/supermercado/compresas-super-con-alas-evax-liberty-10-ud-evax-liberty/R-prod260488/p
Perfumeria E Higiene,Dentífrico junior 1 - 6 años con flúor sabor fresa suave Licor del Polo 75 ml.,"2,00 €","3,16 €/100ml",https://www.carrefour.es/supermercado/jabon-de-manos-perfume-manzana-carrefour-kids-500-ml-carrefour-kids/R-826005027/p
Perfumeria E Higiene,Champú cuidado clásico para cabello normal o graso Tresemmé 855 ml.,"4,75 €","0,58 €/100ml",https://www.carrefour.es/supermercado/jabon-de-manos-perfume-manzana-carrefour-kids-500-ml-carrefour-kids/R-826005027/p
Perfumeria E Higiene,Desodorante en spray dermo extra control Sanex pack de 2 unidades de 200 ml.,"2,30 €","1,22 €/100ml",https://www.carrefour.es/supermercado/gel-de-ducha-en-crema-con-proteinas-de-leche-nb-palmolive-600-ml-nb-palmolive/R-790028982/p
Perfumeria E Higiene,Desodorante roll-on original anti-transpirante 0% alcohol Dove 50 ml.,"0,90 €","3,50 €/100ml",https://www.carrefour.es/supermercado/gel-de-ducha-en-crema-con-proteinas-de-leche-nb-palmolive-600-ml-nb-palmolive/R-790028982/p
Perfumeria E Higiene,Tampones Compak super Tampax 36 ud.,"3,35 €","0,13 €/ud",https://www.carrefour.es/supermercado/tampones-compak-super-tampax-36-ud-tampax/R-521000532/p
Perfumeria E Higiene,Desodorante roll-on dermo sensitive 24h antitranspirante piel sana Sanex pack de 2 unidades de 50 ml.,"1,82 €","1,67 €/100ml",https://www.carrefour.es/supermercado/tampones-compak-super-tampax-36-ud-tampax/R-521000532/p
Perfumeria E Higiene,DENT.L.POLO 2 EN 1 VERDE 75ML,"1,24 €","2,43 €/100ml",https://www.carrefour.es/supermercado/promocion?promoId=promof2530039
Perfumeria E Higiene,Cepillo dental suave Carrefour 4 ud.,"1,25 €","0,31 €/ud",https://www.carrefour.es/supermercado/desodorante-roll-on-dermo-sensitive-24h-antitranspirante-piel-sana-sanex-pack-de-2-unidades-de-50-ml-sanex/R-520664833/p
Perfumeria E Higiene,Gel de ducha Dermoprotector Carrefour 750 ml.,"2,64 €","0,17 €/100ml",https://www.carrefour.es/supermercado/desodorante-roll-on-dermo-sensitive-24h-antitranspirante-piel-sana-sanex-pack-de-2-unidades-de-50-ml-sanex/R-520664833/p
Perfumeria E Higiene,Dentífrico 3D White Blancura radiante Oral-B 75 ml.,"1,82 €","3,52 €/100ml",https://www.carrefour.es/supermercado/promocion?promoId=promof2530012
Perfumeria E Higiene,DENT JUNIOR 2/1 L.POLO 75 ML,"4,15 €","2,43 €/100ml",https://www.carrefour.es/supermercado/dentlpolo-2-en-1-verde-75ml-licor-del-polo/R-543601938/p
Perfumeria E Higiene,Gel hidroalcohocólico 70 % Sac 500 ml.,"4,85 €","0,83 €/100ml",https://www.carrefour.es/supermercado/dentlpolo-2-en-1-verde-75ml-licor-del-polo/R-543601938/p
Perfumeria E Higiene,Desodorante en spray aero original Dove pack de 2 unidades de 200 ml.,"0,93 €","1,21 €/100ml",https://www.carrefour.es/supermercado/HuchaPromocion?promoId=huchaDisc420129
Perfumeria E Higiene,Esponja doble acción exfoliación profunda Carrefour 2 ud.,"1,97 €","0,46 €/ud",https://www.carrefour.es/supermercado/cepillo-dental-suave-carrefour-4-ud-carrefour/R-681101815/p
Perfumeria E Higiene,Compresas ultrafinas con alas super Carrefour 24 ud.,"2,50 €","0,08 €/ud",https://www.carrefour.es/supermercado/cepillo-dental-suave-carrefour-4-ud-carrefour/R-681101815/p
Perfumeria E Higiene,Gel de ducha piel sana formato familiar Instituto Español 1250 ml.,"1,24 €","0,20 €/100ml",https://www.carrefour.es/supermercado/gel-de-ducha-dermoprotector-carrefour-750-ml-carrefour/R-prod1070640/p
Perfumeria E Higiene,Gel de ducha con aloe vera Carrefour 750 ml.,"0,99 €","0,17 €/100ml",https://www.carrefour.es/supermercado/gel-de-ducha-dermoprotector-carrefour-750-ml-carrefour/R-prod1070640/p
Perfumeria E Higiene,Compresas ultra fina con alas super Carrefour 12 ud.,"1,85 €","0,08 €/ud",https://www.carrefour.es/supermercado/dentifrico-3d-white-blancura-radiante-oral-b-75-ml-oral-b/R-749528643/p
Perfumeria E Higiene,Desodorante roll-on para hombre anti-transpirante Nivea 50 ml.,"1,50 €","3,70 €/100ml",https://www.carrefour.es/supermercado/dentifrico-3d-white-blancura-radiante-oral-b-75-ml-oral-b/R-749528643/p
Perfumeria E Higiene,Desodorante roll-on piel normal con piedra de alumbre Natur Protect Sanex 45 ml.,"3,60 €","3,00 €/100ml",https://www.carrefour.es/supermercado/HuchaPromocion?promoId=huchaDisc440006
Perfumeria E Higiene,Tampones Compak superplus Tampax 22 ud.,"1,82 €","0,16 €/ud",https://www.carrefour.es/supermercado/dent-junior-2-1-lpolo-75-ml-licor-del-polo/R-530362800/p
Perfumeria E Higiene,DENT.BLANCO 2/1 LICOR POLO 75,"1,46 €","2,43 €/100ml",https://www.carrefour.es/supermercado/dent-junior-2-1-lpolo-75-ml-licor-del-polo/R-530362800/p
Perfumeria E Higiene,Compresas Fina y Segura normal con alas Evax 12 ud.,"5,45 €","0,12 €/ud",https://www.carrefour.es/supermercado/HuchaPromocion?promoId=huchaDisc420129
Perfumeria E Higiene,Compresas Cottonlike normal plus con alas Evax 28 ud.,"3,05 €","0,19 €/ud",https://www.carrefour.es/supermercado/gel-hidroalcohocolico-70-sac-500-ml/R-VC4AECOMM-507326/p
Perfumeria E Higiene,Gel de ducha nutritivo hidratación profunda Dove 600 ml.,"0,99 €","0,51 €/100ml",https://www.carrefour.es/supermercado/gel-hidroalcohocolico-70-sac-500-ml/R-VC4AECOMM-507326/p
Perfumeria E Higiene,CH LECHE ALMEND-VAINILL PPB 1L,"1,23 €","0,10 €/100ml",https://www.carrefour.es/supermercado/desodorante-en-spray-aero-original-dove-pack-de-2-unidades-de-200-ml-dove/R-600804881/p
Perfumeria E Higiene,Champú brillo y suavidad para cabello graso Carrefour 750 ml.,"2,30 €","0,16 €/100ml",https://www.carrefour.es/supermercado/desodorante-en-spray-aero-original-dove-pack-de-2-unidades-de-200-ml-dove/R-600804881/p
Perfumeria E Higiene,Champú repara y protege Pantene 90 ml.,"1,34 €","1,49 €/100ml",https://www.carrefour.es/supermercado/champu-repara-y-protege-pantene-90-ml-pantene/R-636701889/p
Perfumeria E Higiene,Jabón de manos Rosa Mosqueta Babaria 500 ml.,"1,99 €","0,40 €/100ml",https://www.carrefour.es/supermercado/champu-repara-y-protege-pantene-90-ml-pantene/R-636701889/p
Perfumeria E Higiene,Compresas con alas normal Ausonia 36 ud.,"4,60 €","0,12 €/ud",https://www.carrefour.es/supermercado/jabon-de-manos-rosa-mosqueta-babaria-500-ml-babaria/R-594301555/p
Perfumeria E Higiene,Champú hidratación intensa para cabello seco a dañado Tresemmé 855 ml.,"5,00 €","0,58 €/100ml",https://www.carrefour.es/supermercado/jabon-de-manos-rosa-mosqueta-babaria-500-ml-babaria/R-594301555/p
Perfumeria E Higiene,Protegeslip maxi Carrefour 30 ud.,"1,22 €","0,04 €/ud",https://www.carrefour.es/supermercado/compresas-con-alas-normal-ausonia-36-ud-ausonia/R-584301522/p
Perfumeria E Higiene,Crema hidratante Nivea 400 ml.,"5,15 €","1,29 €/100ml",https://www.carrefour.es/supermercado/compresas-con-alas-normal-ausonia-36-ud-ausonia/R-584301522/p
Perfumeria E Higiene,Jabón de manos Nostalgia Carrefour 500 ml.,"1,30 €","0,26 €/100ml",https://www.carrefour.es/supermercado/champu-hidratacion-intensa-para-cabello-seco-a-danado-tresemme-855-ml/R-VC4AECOMM-468608/p
Perfumeria E Higiene,Champú brillo exprés Carrefour 750 ml.,"1,23 €","0,16 €/100ml",https://www.carrefour.es/supermercado/champu-hidratacion-intensa-para-cabello-seco-a-danado-tresemme-855-ml/R-VC4AECOMM-468608/p
Perfumeria E Higiene,Compresas ultra fina con alas normal + Carrefour 14 ud.,"1,71 €","0,12 €/ud",https://www.carrefour.es/supermercado/protegeslip-maxi-carrefour-30-ud-carrefour/R-521000550/p
Perfumeria E Higiene,Desodorante en spray Dark Temptation Axe pack de 2 unidades de 150 ml.,"4,00 €","1,33 €/100ml",https://www.carrefour.es/supermercado/protegeslip-maxi-carrefour-30-ud-carrefour/R-521000550/p
Perfumeria E Higiene,Compresas noche superplus Ausonia 10 ud.,"2,05 €","0,20 €/ud",https://www.carrefour.es/supermercado/crema-hidratante-nivea-400-ml-nivea/R-520664251/p
Perfumeria E Higiene,Gel de ducha con aloe vera NB Palmolive 600 ml.,"2,50 €","0,42 €/100ml",https://www.carrefour.es/supermercado/crema-hidratante-nivea-400-ml-nivea/R-520664251/p
Perfumeria E Higiene,Tampones Compak regular Tampax 36 ud.,"4,95 €","0,14 €/ud",https://www.carrefour.es/supermercado/jabon-de-manos-nostalgia-carrefour-500-ml-carrefour/R-fprod1340013/p
Perfumeria E Higiene,Desodorante roll-on sensitive sin perfume Byly 50 ml.,"1,55 €","3,10 €/100ml",https://www.carrefour.es/supermercado/jabon-de-manos-nostalgia-carrefour-500-ml-carrefour/R-fprod1340013/p
Perfumeria E Higiene,Tampones Pearl super plus Tampax 24 ud.,"4,50 €","0,19 €/ud",https://www.carrefour.es/supermercado/champu-brillo-expres-carrefour-750-ml-carrefour/R-814301079/p
Perfumeria E Higiene,ENJ.BUCAL C.TOTAL LISTERINE 1L,"8,97 €","0,90 €/100ml",https://www.carrefour.es/supermercado/champu-brillo-expres-carrefour-750-ml-carrefour/R-814301079/p
Perfumeria E Higiene,Jabón de manos nutritivo con almendras y jalea real Sanytol 250 ml.,"2,75 €","1,10 €/100ml",https://www.carrefour.es/supermercado/compresas-ultra-fina-con-alas-normal-carrefour-14-ud-carrefour/R-864802169/p
Perfumeria E Higiene,Dentífrico para dientes sensibles repair & protect Sensodyne 75 ml.,"4,15 €","5,53 €/100ml",https://www.carrefour.es/supermercado/compresas-ultra-fina-con-alas-normal-carrefour-14-ud-carrefour/R-864802169/p
Perfumeria E Higiene,Dentífrico blanqueador 12h de protección completa Colgate Total 75 ml.,"2,10 €","2,80 €/100ml",https://www.carrefour.es/supermercado/desodorante-en-spray-dark-temptation-axe-pack-de-2-unidades-de-150-ml-axe/R-757607333/p
Perfumeria E Higiene,GEL MARINE MAGNO 550 ML,"2,80 €","0,51 €/100ml",https://www.carrefour.es/supermercado/desodorante-en-spray-dark-temptation-axe-pack-de-2-unidades-de-150-ml-axe/R-757607333/p
Perfumeria E Higiene,Espuma para rizos definidos Pro-V Pantene 250 ml.,"3,00 €","1,20 €/100ml",https://www.carrefour.es/supermercado/compresas-noche-superplus-ausonia-10-ud-ausonia/R-521000477/p
Perfumeria E Higiene,Desodorante en spray Dermo Invisible Sanex pack de 2 unidades de 200 ml.,"4,88 €","1,22 €/100ml",https://www.carrefour.es/supermercado/compresas-noche-superplus-ausonia-10-ud-ausonia/R-521000477/p
Perfumeria E Higiene,Cepillo dental infantil + 3 años Carrefour 3 ud.,"2,10 €","0,70 €/ud",https://www.carrefour.es/supermercado/gel-de-ducha-con-aloe-vera-nb-palmolive-600-ml-nb-palmolive/R-prod1100036/p
Perfumeria E Higiene,Champú Cuidado Arcilla Extraordinaria para cabello normal o con tendencia a engrasarse L'Oréal-Elvive 370 ml.,"3,84 €","1,04 €/100ml",https://www.carrefour.es/supermercado/gel-de-ducha-con-aloe-vera-nb-palmolive-600-ml-nb-palmolive/R-prod1100036/p
Perfumeria E Higiene,Desodorante roll-on invisible For Black & White Clear roll-on Nivea 50 ml.,"1,85 €","3,70 €/100ml",https://www.carrefour.es/supermercado/desodorante-roll-on-invisible-for-black-white-clear-roll-on-nivea-50-ml-nivea/R-593901537/p
Perfumeria E Higiene,Discos desmaquillantes Sensitive Demak Up 72 ud.,"1,85 €","1,85 €/ud",https://www.carrefour.es/supermercado/desodorante-roll-on-invisible-for-black-white-clear-roll-on-nivea-50-ml-nivea/R-593901537/p
Perfumeria E Higiene,Jabón de manos cocina elimina los malos olores Snytol 250 ml.,"2,75 €","1,10 €/100ml",https://www.carrefour.es/supermercado/discos-desmaquillantes-sensitive-demak-up-72-ud-demak-up/R-521010180/p
Perfumeria E Higiene,Gel de ducha vainilla Carrefour 750 ml.,"1,29 €","0,17 €/100ml",https://www.carrefour.es/supermercado/discos-desmaquillantes-sensitive-demak-up-72-ud-demak-up/R-521010180/p
Perfumeria E Higiene,Dentrífico original Kemphor pack de 2 unidades de 75 ml.,"3,30 €","2,20 €/100ml",https://www.carrefour.es/supermercado/jabon-de-manos-cocina-elimina-los-malos-olores-snytol-250-ml/R-VC4AECOMM-478886/p
Perfumeria E Higiene,Esponja de baño Tobain 3 ud.,"1,12 €","1,12 €/ud",https://www.carrefour.es/supermercado/jabon-de-manos-cocina-elimina-los-malos-olores-snytol-250-ml/R-VC4AECOMM-478886/p
Perfumeria E Higiene,Cepillo de dientes hard Carrefour 4 ud.,"1,33 €","0,33 €/ud",https://www.carrefour.es/supermercado/gel-de-ducha-vainilla-carrefour-750-ml-carrefour/R-fprod1380209/p
Perfumeria E Higiene,Compresas con alas noche Ausonia 9 ud.,"1,68 €","0,19 €/ud",https://www.carrefour.es/supermercado/gel-de-ducha-vainilla-carrefour-750-ml-carrefour/R-fprod1380209/p
Perfumeria E Higiene,Desodorante en spray Marine Axe pack de 2 unidades de 150 ml.,"4,00 €","1,33 €/100ml",https://www.carrefour.es/supermercado/dentrifico-original-kemphor-pack-de-2-unidades-de-75-ml-kemphor/R-521028451/p
Perfumeria E Higiene,Gel de ducha Amazonian Secrets Natural Honey 650 ml,"2,08 €","3,20 €/l",https://www.carrefour.es/supermercado/dentrifico-original-kemphor-pack-de-2-unidades-de-75-ml-kemphor/R-521028451/p
Perfumeria E Higiene,Champú fortificante Hidra Rizos para cabello rizado u ondulado Garnier-Fructis 360 ml.,"3,59 €","1,00 €/100ml",https://www.carrefour.es/supermercado/esponja-de-bano-tobain-3-ud-tobain/R-619902583/p
Perfumeria E Higiene,Dentífrico 3D White Luxe Perfección Oral-B 75 ml.,"2,92 €","3,89 €/100ml",https://www.carrefour.es/supermercado/esponja-de-bano-tobain-3-ud-tobain/R-619902583/p
Perfumeria E Higiene,Compresas con alas Sensitive Ausonia 14 ud.,"1,67 €","0,12 €/ud",https://www.carrefour.es/supermercado/cepillo-de-dientes-hard-carrefour-4-ud/R-VC4AECOMM-455891/p
Perfumeria E Higiene,Gel de ducha Coco Addiction Natural Honey 750 ml.,"1,24 €","0,38 €/100ml",https://www.carrefour.es/supermercado/cepillo-de-dientes-hard-carrefour-4-ud/R-VC4AECOMM-455891/p
Perfumeria E Higiene,Gel de ducha Hidratante Avena Carrefour 500 ml.,"1,30 €","0,17 €/100ml",https://www.carrefour.es/supermercado/compresas-con-alas-noche-ausonia-9-ud-ausonia/R-866818908/p
Perfumeria E Higiene,Jabón de manos coco Carrefour 500 ml.,"2,30 €","0,26 €/100ml",https://www.carrefour.es/supermercado/compresas-con-alas-noche-ausonia-9-ud-ausonia/R-866818908/p
Perfumeria E Higiene,Gel de ducha massage Aroma Sensations Palmolive 500 ml.,"3,35 €","0,46 €/100ml",https://www.carrefour.es/supermercado/HuchaPromocion?promoId=huchaDisc420089
Perfumeria E Higiene,Desodorante roll-on dermo invisible 24h antitranspirante piel sana Sanex pack de 2 unidades de 50 ml.,"4,80 €","3,35 €/100ml",https://www.carrefour.es/supermercado/desodorante-en-spray-marine-axe-pack-de-2-unidades-de-150-ml-axe/R-757607339/p
Perfumeria E Higiene,Enjuague bucal antiséptico Mentol Listerine 500 ml.,"2,50 €","0,96 €/100ml",https://www.carrefour.es/supermercado/desodorante-en-spray-marine-axe-pack-de-2-unidades-de-150-ml-axe/R-757607339/p
Perfumeria E Higiene,Desodorante natur protect con piedra de alumbre piel normal Sanex 200 ml,"3,35 €","1,25 €/100ml",https://www.carrefour.es/supermercado/gel-de-ducha-amazonian-secrets-natural-honey-650-ml-natural-honey/R-835367383/p
Perfumeria E Higiene,Desodorante roll-on active control men Sanex pack de 2 unidades de 45 ml.,"1,85 €","3,35 €/100ml",https://www.carrefour.es/supermercado/gel-de-ducha-amazonian-secrets-natural-honey-650-ml-natural-honey/R-835367383/p
Perfumeria E Higiene,Desodorante roll-on invisible For Black & White roll-on Nivea 50 ml.,"2,08 €","3,70 €/100ml",https://www.carrefour.es/supermercado/promocion?promoId=promof2530010
Perfumeria E Higiene,TAMPON TAMPAX PEARL REGUL 20UD,"3,84 €","0,16 €/ud",https://www.carrefour.es/supermercado/tampon-tampax-pearl-regul-20ud-tampax/R-530363536/p
Perfumeria E Higiene,Protegeslip flexi Carefree 58 ud.,"2,70 €","0,05 €/ud",https://www.carrefour.es/supermercado/tampon-tampax-pearl-regul-20ud-tampax/R-530363536/p
Perfumeria E Higiene,Jabón de manos en pastilla sensitivo NB Palmolive pack de 3 unidades de 90 g.,"1,61 €","1,61 €/ud",https://www.carrefour.es/supermercado/protegeslip-flexi-carefree-58-ud-carefree/R-521000556/p
Perfumeria E Higiene,Gel de ducha con aceite de argán piel seca Dove 500 ml.,"3,05 €","0,61 €/100ml",https://www.carrefour.es/supermercado/protegeslip-flexi-carefree-58-ud-carefree/R-521000556/p
Perfumeria E Higiene,Cepillo dental eléctrico Precisión Cleam recambio Oral-B 2 ud.,"8,95 €","8,95 €/ud",https://www.carrefour.es/supermercado/promocion?promoId=promof2530017
Perfumeria E Higiene,Dentífrico maximum protección caries menta fresca Colgate 75 ml.,"1,99 €","2,65 €/100ml",https://www.carrefour.es/supermercado/jabon-de-manos-en-pastilla-sensitivo-nb-palmolive-pack-de-3-unidades-de-90-g-nb-palmolive/R-622203124/p
Perfumeria E Higiene,Dentífrico Bicarbonato Blanqueador Signal pack de 2 unidades de 100 ml.,"2,80 €","1,40 €/100ml",https://www.carrefour.es/supermercado/jabon-de-manos-en-pastilla-sensitivo-nb-palmolive-pack-de-3-unidades-de-90-g-nb-palmolive/R-622203124/p
Perfumeria E Higiene,Desodorante en spray Invisible Rexona pack de 2 unidades de 200 ml.,"4,37 €","1,09 €/100ml",https://www.carrefour.es/supermercado/gel-de-ducha-con-aceite-de-argan-piel-seca-dove-500-ml-dove/R-872302135/p
Perfumeria E Higiene,Gel de ducha clásico Moussel 900 ml.,"1,53 €","0,47 €/100ml",https://www.carrefour.es/supermercado/gel-de-ducha-con-aceite-de-argan-piel-seca-dove-500-ml-dove/R-872302135/p
Perfumeria E Higiene,Pasta dental infantil sabor frutal Signal 50 ml.,"4,00 €","3,06 €/100ml",https://www.carrefour.es/supermercado/cepillo-dental-electrico-precision-cleam-recambio-oral-b-2-ud-oral-b/R-521000344/p
Perfumeria E Higiene,Acondicionador protector peonía roja y filtros UV para cabello teñido o con mechas Color-Vive L'Oréal-Elvive 300 ml.,"2,30 €","1,33 €/100ml",https://www.carrefour.es/supermercado/cepillo-dental-electrico-precision-cleam-recambio-oral-b-2-ud-oral-b/R-521000344/p
Perfumeria E Higiene,Dentífrico infantil de 6 a 9 años sabor menta suave Colgate 50 ml.,"3,59 €","4,60 €/100ml",https://www.carrefour.es/supermercado/promocion?promoId=promof2530038
Perfumeria E Higiene,Champú fortificante Pure Fresh Agua de Coco para raíces grasas y puntas secas Garnier-Fructis 360 ml.,"0,99 €","1,00 €/100ml",https://www.carrefour.es/supermercado/dentifrico-maximum-proteccion-caries-menta-fresca-colgate-75-ml-colgate/R-760602159/p
Perfumeria E Higiene,Enjuague bucal de menta suave 500 ml.,"8,81 €","0,20 €/100ml",https://www.carrefour.es/supermercado/dentifrico-maximum-proteccion-caries-menta-fresca-colgate-75-ml-colgate/R-760602159/p
Perfumeria E Higiene,ELIXIR LISTERINE MENTOL 1L,"4,40 €","0,88 €/100ml",https://www.carrefour.es/supermercado/dentifrico-bicarbonato-blanqueador-signal-pack-de-2-unidades-de-100-ml-signal/R-521028441/p
Perfumeria E Higiene,Compresas con alas super Ausonia 30 ud.,"10,15 €","0,15 €/ud",https://www.carrefour.es/supermercado/dentifrico-bicarbonato-blanqueador-signal-pack-de-2-unidades-de-100-ml-signal/R-521028441/p
Perfumeria E Higiene,Espuma de afeitar con sales minerales y aloe de vera para piel sensible La Toja 300 ml.,"4,50 €","0,77 €/100ml",https://www.carrefour.es/supermercado/desodorante-en-spray-invisible-rexona-pack-de-2-unidades-de-200-ml-rexona/R-prod1160090/p
Perfumeria E Higiene,Gel series piel sensible Gillette 200 ml.,"2,08 €","1,35 €/100ml",https://www.carrefour.es/supermercado/desodorante-en-spray-invisible-rexona-pack-de-2-unidades-de-200-ml-rexona/R-prod1160090/p
Perfumeria E Higiene,Champú anticaspa Classic XXL H&S 1 l.,"3,84 €","1,02 €/100ml",https://www.carrefour.es/supermercado/HuchaPromocion?promoId=huchaDisc420092
Perfumeria E Higiene,Mascarilla capilar 3 en 1 Hair Food Papaya Reparadora Para cabello dañado Garnier Fructis 390 ml.,"4,50 €","1,15 €/100ml",https://www.carrefour.es/supermercado/gel-de-ducha-clasico-moussel-900-ml-moussel/R-prod420133/p
Perfumeria E Higiene,Gel de ducha al té blanco Zen Natural Honey 650 ml.,"2,95 €","0,32 €/100ml",https://www.carrefour.es/supermercado/gel-de-ducha-clasico-moussel-900-ml-moussel/R-prod420133/p
Perfumeria E Higiene,Discos desmaquillantes de algodón Expert Demak Up 108 ud.,"2,40 €","0,02 €/ud",https://www.carrefour.es/supermercado/discos-desmaquillantes-de-algodon-expert-demak-up-108-ud/R-VC4AECOMM-534436/p
Perfumeria E Higiene,Champú anticaspa Citrus Fresh para cabello graso H&S 360 ml.,"4,00 €","1,11 €/100ml",https://www.carrefour.es/supermercado/discos-desmaquillantes-de-algodon-expert-demak-up-108-ud/R-VC4AECOMM-534436/p
Perfumeria E Higiene,Compresas ultra sin alas normal Carrefour 16 ud.,"1,17 €","0,07 €/ud",https://www.carrefour.es/supermercado/champu-anticaspa-citrus-fresh-para-cabello-graso-hs-360-ml-hs/R-823818672/p
Perfumeria E Higiene,Maquinillas desechables para mujer 2 hojas 10 ud.,"0,88 €","0,09 €/ud",https://www.carrefour.es/supermercado/champu-anticaspa-citrus-fresh-para-cabello-graso-hs-360-ml-hs/R-823818672/p
Perfumeria E Higiene,Dentífrico Pro-Expert Sensibilidad + Blanqueante Oral-B 75 ml.,"2,64 €","3,52 €/100ml",https://www.carrefour.es/supermercado/compresas-ultra-sin-alas-normal-carrefour-16-ud-carrefour/R-521000483/p
Perfumeria E Higiene,Dentífrico Espert 10 en 1 Dentalyss pack de 2 unidades de 75 ml.,"0,99 €","0,66 €/100ml",https://www.carrefour.es/supermercado/compresas-ultra-sin-alas-normal-carrefour-16-ud-carrefour/R-521000483/p
Perfumeria E Higiene,Seda dental Essencial Floss Cera/Menta Oral-B 50 metros.,"3,29 €","3,29 €/ud",https://www.carrefour.es/supermercado/maquinillas-desechables-para-mujer-2-hojas-10-ud/R-VC4AECOMM-447843/p
Perfumeria E Higiene,Desodorante en spray Cobalt Blue anti-transpirante Rexona pack de 2 unidades de 200 ml.,"3,51 €","1,07 €/100ml",https://www.carrefour.es/supermercado/maquinillas-desechables-para-mujer-2-hojas-10-ud/R-VC4AECOMM-447843/p
Perfumeria E Higiene,Champú purificante Pantene 360 ml.,"1,99 €","0,97 €/100ml",https://www.carrefour.es/supermercado/dentifrico-pro-expert-sensibilidad-blanqueante-oral-b-75-ml-oral-b/R-683603241/p
Perfumeria E Higiene,Crema de manos con aceite de oliva Nivea 100 ml.,"1,78 €","1,99 €/100ml",https://www.carrefour.es/supermercado/dentifrico-pro-expert-sensibilidad-blanqueante-oral-b-75-ml-oral-b/R-683603241/p
Perfumeria E Higiene,Compresas Normal Sin Alas Fina y Segura Evax 16 ud.,"3,90 €","0,11 €/ud",https://www.carrefour.es/supermercado/dentifrico-espert-10-en-1-dentalyss-pack-de-2-unidades-de-75-ml-dentalyss/R-fprod1470032/p
Perfumeria E Higiene,Mascarilla capilar reconstructora de keratina Suave & Liso Pro-V Pantene 300 ml.,"4,25 €","1,30 €/100ml",https://www.carrefour.es/supermercado/dentifrico-espert-10-en-1-dentalyss-pack-de-2-unidades-de-75-ml-dentalyss/R-fprod1470032/p
Perfumeria E Higiene,Tampones Pearl super Tampax 24 ud.,"5,25 €","0,18 €/ud",https://www.carrefour.es/supermercado/seda-dental-essencial-floss-cera-menta-oral-b-50-metros-oral-b/R-521000366/p
Perfumeria E Higiene,Champú nutre & fortalece con aceite de coco & aloe vera cabello hidratado y más fuerte Tresemmé 685 ml,"2,00 €","0,77 €/100ml",https://www.carrefour.es/supermercado/seda-dental-essencial-floss-cera-menta-oral-b-50-metros-oral-b/R-521000366/p
Perfumeria E Higiene,DEO WILLIAMS ICE BLUE STICK 75,"3,20 €","2,67 €/100ml",https://www.carrefour.es/supermercado/desodorante-en-spray-cobalt-blue-anti-transpirante-rexona-pack-de-2-unidades-de-200-ml-rexona/R-520664718/p
Perfumeria E Higiene,Gel de ducha hidratante con aceite de almendras dulces Natural Honey 1500 ml.,"2,25 €","0,21 €/100ml",https://www.carrefour.es/supermercado/desodorante-en-spray-cobalt-blue-anti-transpirante-rexona-pack-de-2-unidades-de-200-ml-rexona/R-520664718/p
Perfumeria E Higiene,J.PAST HENO DE PRAVIA 115X3,"2,25 €","0,65 €/100g",https://www.carrefour.es/supermercado/HuchaPromocion?promoId=huchaDisc420092
Perfumeria E Higiene,Protegeslip Cottonlike maxi Evax 40 ud.,"2,20 €","0,06 €/ud",https://www.carrefour.es/supermercado/champu-purificante-pantene-360-ml-pantene/R-799110698/p
Perfumeria E Higiene,Tampones con aplicador Super Carrefour 32 ud.,"4,00 €","0,07 €/ud",https://www.carrefour.es/supermercado/champu-purificante-pantene-360-ml-pantene/R-799110698/p
Perfumeria E Higiene,Acondicionador keratina vegetal y aceite de ricino para pelo largo y dañado dream long L'Oréal-Elvive 300 ml.,"1,23 €","1,33 €/100ml",https://www.carrefour.es/supermercado/crema-de-manos-con-aceite-de-oliva-nivea-100-ml-nivea/R-607402289/p
Perfumeria E Higiene,Champú nutritivo para cabello seco Carrefour 750 ml.,"1,18 €","0,16 €/100ml",https://www.carrefour.es/supermercado/crema-de-manos-con-aceite-de-oliva-nivea-100-ml-nivea/R-607402289/p
Perfumeria E Higiene,Bastoncillos de algodón ecológicos Carrefour Bio 200 ud.,"2,10 €","0,01 €/ud",https://www.carrefour.es/supermercado/compresas-normal-sin-alas-fina-y-segura-evax-16-ud-evax/R-707401908/p
Perfumeria E Higiene,Gel de ducha intensa nutrición vainilla Instituto Español 750 ml.,"0,80 €","0,28 €/100ml",https://www.carrefour.es/supermercado/compresas-normal-sin-alas-fina-y-segura-evax-16-ud-evax/R-707401908/p
Perfumeria E Higiene,Gel de ducha Nostalgia Carrefour 750 ml.,"1,24 €","0,17 €/100ml",https://www.carrefour.es/supermercado/gel-de-ducha-nostalgia-carrefour-750-ml-carrefour/R-prod1070639/p
Perfumeria E Higiene,Mascarilla capilar dream long pelo largo y dañado L'Oréal Elvive 300 ml.,"4,00 €","1,33 €/100ml",https://www.carrefour.es/supermercado/gel-de-ducha-nostalgia-carrefour-750-ml-carrefour/R-prod1070639/p
Perfumeria E Higiene,Dentífrico blanqueador one Max White Colgate pack de 2 unidades de 75 ml.,"4,50 €","3,00 €/100ml",https://www.carrefour.es/supermercado/mascarilla-capilar-dream-long-pelo-largo-y-danado-loreal-elvive-300-ml-loreal-elvive/R-prod650234/p
Perfumeria E Higiene,Enjuague bucal plax verde 500 ml.,"5,00 €","0,81 €/100ml",https://www.carrefour.es/supermercado/mascarilla-capilar-dream-long-pelo-largo-y-danado-loreal-elvive-300-ml-loreal-elvive/R-prod650234/p
Perfumeria E Higiene,Acondicionador hidratación intensa para cabello seco o dañado Tresemme 855 ml.,"4,63 €","0,58 €/100ml",https://www.carrefour.es/supermercado/promocion?promoId=promof2530047
Perfumeria E Higiene,Colutorio Pro-Expert Protección Profesional Menta Fresca Oral-B 500 ml.,"1,93 €","0,93 €/100ml",https://www.carrefour.es/supermercado/dentifrico-blanqueador-one-max-white-colgate-pack-de-2-unidades-de-75-ml-colgate/R-prod240701/p
Perfumeria E Higiene,Jabón de manos en pastilla delicado 1/4 crema hidratante Carrefour pack de 4 unidades de 100 g.,"3,90 €","0,48 €/100g",https://www.carrefour.es/supermercado/dentifrico-blanqueador-one-max-white-colgate-pack-de-2-unidades-de-75-ml-colgate/R-prod240701/p
Perfumeria E Higiene,Mascarilla capilar reconstructora de keratina Rizos Definidos Pro-V Pantene 300 ml.,"1,99 €","1,30 €/100ml",https://www.carrefour.es/supermercado/enjuague-bucal-plax-verde-500-ml-colgate/R-521000415/p
Perfumeria E Higiene,Champú protector color-vive pelo teñido o con mechas L'Oréal-Elvive 690 ml.,"2,80 €","1,01 €/100ml",https://www.carrefour.es/supermercado/enjuague-bucal-plax-verde-500-ml-colgate/R-521000415/p
Perfumeria E Higiene,Jabón de manos con aloe vera Babaria 500 ml.,"2,80 €","0,40 €/100ml",https://www.carrefour.es/supermercado/promocion?promoId=promof2530050
Perfumeria E Higiene,Gel de ducha Dermo Hidratante Moussel 600 ml.,"6,82 €","0,47 €/100ml",https://www.carrefour.es/supermercado/acondicionador-hidratacion-intensa-para-cabello-seco-o-danado-tresemme-855-ml/R-VC4AECOMM-468544/p
Perfumeria E Higiene,Gel de ducha Black Energy Magno 550 ml.,"5,87 €","0,51 €/100ml",https://www.carrefour.es/supermercado/acondicionador-hidratacion-intensa-para-cabello-seco-o-danado-tresemme-855-ml/R-VC4AECOMM-468544/p
Perfumeria E Higiene,Acondicionador repara & protege Pantene 675 ml.,"6,45 €","1,01 €/100ml",https://www.carrefour.es/supermercado/colutorio-pro-expert-proteccion-profesional-menta-fresca-oral-b-500-ml-oral-b/R-823819021/p
Perfumeria E Higiene,Champú cuidado clásico para cabello normal y mixto Pantene 700 ml.,"4,74 €","0,84 €/100ml",https://www.carrefour.es/supermercado/colutorio-pro-expert-proteccion-profesional-menta-fresca-oral-b-500-ml-oral-b/R-823819021/p
Perfumeria E Higiene,Tampones Compak Pearl regular Tampax 36 ud.,"2,29 €","0,18 €/ud",https://www.carrefour.es/supermercado/jabon-de-manos-en-pastilla-delicado-1-4-crema-hidratante-carrefour-pack-de-4-unidades-de-100-g-carrefour/R-859823207/p
Perfumeria E Higiene,Body milk nutritivo para piel seca Nivea 400 ml.,"1,09 €","1,18 €/100ml",https://www.carrefour.es/supermercado/jabon-de-manos-en-pastilla-delicado-1-4-crema-hidratante-carrefour-pack-de-4-unidades-de-100-g-carrefour/R-859823207/p
Perfumeria E Higiene,Enjuague bucal triple acción con acción anti placa bacteriana Licor del Polo 500 ml.,"1,93 €","0,79 €/100ml",https://www.carrefour.es/supermercado/mascarilla-capilar-reconstructora-de-keratina-rizos-definidos-pro-v-pantene-300-ml-pantene/R-707113051/p
Perfumeria E Higiene,Desodorante en spray con proteínas de leche Lactovit 200 ml.,"4,65 €","1,14 €/100ml",https://www.carrefour.es/supermercado/mascarilla-capilar-reconstructora-de-keratina-rizos-definidos-pro-v-pantene-300-ml-pantene/R-707113051/p
Perfumeria E Higiene,Enjuague bucal Total Care Listerine 500 ml.,"4,00 €","1,06 €/100ml",https://www.carrefour.es/supermercado/champu-protector-color-vive-pelo-tenido-o-con-mechas-loreal-elvive-690-ml/R-fprod1460498/p
Perfumeria E Higiene,Desodorante en spray para hombre Blue Waves 150 ml.,"1,06 €","0,73 €/100ml",https://www.carrefour.es/supermercado/champu-protector-color-vive-pelo-tenido-o-con-mechas-loreal-elvive-690-ml/R-fprod1460498/p
Perfumeria E Higiene,Champú rizos definidos Pantene 700 ml.,"5,87 €","0,84 €/100ml",https://www.carrefour.es/supermercado/champu-rizos-definidos-pantene-700-ml-pantene/R-797608308/p
Perfumeria E Higiene,Jabón de manos sensitive con aloe vera antibacteriano Palmolive 300 ml.,"2,15 €","0,72 €/100ml",https://www.carrefour.es/supermercado/champu-rizos-definidos-pantene-700-ml-pantene/R-797608308/p
Perfumeria E Higiene,Gel de ducha en crema con almendra y leche NB Palmolive 600 ml.,"2,50 €","0,42 €/100ml",https://www.carrefour.es/supermercado/jabon-de-manos-sensitive-con-aloe-vera-antibacteriano-palmolive-300-ml-nb-palmolive/R-prod71336/p
Perfumeria E Higiene,Gel de ducha hidratante aloe vera Instituto Español 1250 ml.,"1,92 €","0,15 €/100ml",https://www.carrefour.es/supermercado/jabon-de-manos-sensitive-con-aloe-vera-antibacteriano-palmolive-300-ml-nb-palmolive/R-prod71336/p
Perfumeria E Higiene,Gel de ducha hidratación profunda Dove pack de 2 unidades de 500 ml.,"6,00 €","0,60 €/100ml",https://www.carrefour.es/supermercado/gel-de-ducha-en-crema-con-almendra-y-leche-nb-palmolive-600-ml-nb-palmolive/R-529043207/p
Perfumeria E Higiene,Compresas Maxi sin alas Carrefour 20 ud.,"0,99 €","0,05 €/ud",https://www.carrefour.es/supermercado/gel-de-ducha-en-crema-con-almendra-y-leche-nb-palmolive-600-ml-nb-palmolive/R-529043207/p
Perfumeria E Higiene,Mascarilla capilar hidra-rizos para cabello rizado u ondulado Garnier Fructis 300 ml.,"3,80 €","1,27 €/100ml",https://www.carrefour.es/supermercado/promocion?promoId=promof2530009
Perfumeria E Higiene,Protegeslip Adapt Evax 30 ud.,"2,20 €","0,07 €/ud",https://www.carrefour.es/supermercado/gel-de-ducha-hidratante-aloe-vera-instituto-espanol-1250-ml-instituto-espanol/R-727101843/p
Perfumeria E Higiene,Jabón íntimo aloe vera Babaria 300 ml.,"1,93 €","0,64 €/100ml",https://www.carrefour.es/supermercado/gel-de-ducha-hidratante-aloe-vera-instituto-espanol-1250-ml-instituto-espanol/R-727101843/p
Perfumeria E Higiene,Gel de ducha feel glamorous Palmolive 500 ml.,"2,30 €","0,46 €/100ml",https://www.carrefour.es/supermercado/gel-de-ducha-hidratacion-profunda-dove-pack-de-2-unidades-de-500-ml-dove/R-prod720339/p
Perfumeria E Higiene,Champú anticaspa + acondicionador todo en uno menthol fresh H&S 360 ml.,"3,88 €","1,08 €/100ml",https://www.carrefour.es/supermercado/gel-de-ducha-hidratacion-profunda-dove-pack-de-2-unidades-de-500-ml-dove/R-prod720339/p
Perfumeria E Higiene,"Jabón 100% natural de glicerina, limpia e hidrata tu piel. Lida 600 ml.","3,50 €","0,58 €/100ml",https://www.carrefour.es/supermercado/compresas-maxi-sin-alas-carrefour-20-ud-carrefour/R-836133980/p
Perfumeria E Higiene,Jabón de manos leche y almendra Palmolive 300 ml.,"2,10 €","0,70 €/100ml",https://www.carrefour.es/supermercado/compresas-maxi-sin-alas-carrefour-20-ud-carrefour/R-836133980/p
Perfumeria E Higiene,Desodorante en spray duplo aloe vera Motion Sense Rexona 200 ml.,"4,37 €","1,09 €/100ml",https://www.carrefour.es/supermercado/mascarilla-capilar-hidra-rizos-para-cabello-rizado-u-ondulado-garnier-fructis-300-ml-garnier-fructis/R-869702265/p
Perfumeria E Higiene,Jabón de manos cocina con extractos de lima Hygiene Plus Palmolive 300 ml.,"2,15 €","0,72 €/100ml",https://www.carrefour.es/supermercado/mascarilla-capilar-hidra-rizos-para-cabello-rizado-u-ondulado-garnier-fructis-300-ml-garnier-fructis/R-869702265/p
Perfumeria E Higiene,Desodorante roll-on dermo extra control 48H antitranspirante Sanex 50 ml.,"1,50 €","3,00 €/100ml",https://www.carrefour.es/supermercado/protegeslip-adapt-evax-30-ud-evax/R-521000566/p
Perfumeria E Higiene,Gel de manos desinfectante antiséptico para piel sana Sanytol 75 ml.,"2,30 €","3,07 €/100ml",https://www.carrefour.es/supermercado/protegeslip-adapt-evax-30-ud-evax/R-521000566/p
Perfumeria E Higiene,Cepillo de dientes infantil suave batman o wonder woman Colgate 2 ud.,"2,80 €","2,80 €/ud",https://www.carrefour.es/supermercado/jabon-intimo-aloe-vera-babaria-300-ml-babaria/R-789830566/p
Perfumeria E Higiene,Acondicionador reparador con aminoácidos y ceramida para pelo dañado Total Repair 5 L'Oréal-Elvive 300 ml.,"4,00 €","1,33 €/100ml",https://www.carrefour.es/supermercado/jabon-intimo-aloe-vera-babaria-300-ml-babaria/R-789830566/p
Perfumeria E Higiene,Dentífrico encías sanas 12h de protección completa Colgate Total 75 ml.,"3,05 €","4,07 €/100ml",https://www.carrefour.es/supermercado/gel-de-ducha-feel-glamorous-palmolive-500-ml-nb-palmolive/R-798275952/p
Perfumeria E Higiene,Bálsamo After Shave Sensitive Nivea Men 100 ml.,"4,75 €","4,75 €/100ml",https://www.carrefour.es/supermercado/gel-de-ducha-feel-glamorous-palmolive-500-ml-nb-palmolive/R-798275952/p
Perfumeria E Higiene,"Crema hidratante de manos, cara y cuerpo Nivea 300 ml.","4,51 €","1,50 €/100ml",https://www.carrefour.es/supermercado/champu-anticaspa-acondicionador-todo-en-uno-menthol-fresh-hs-360-ml-hs/R-814100322/p
Perfumeria E Higiene,Dentífrico clorofila Licor del Polo pack de 2 unidades de 75 ml.,"1,85 €","2,10 €/100ml",https://www.carrefour.es/supermercado/champu-anticaspa-acondicionador-todo-en-uno-menthol-fresh-hs-360-ml-hs/R-814100322/p
Perfumeria E Higiene,Champú neutro sin sulfatos Herbal 500 ml.,"4,20 €","0,84 €/100ml",https://www.carrefour.es/supermercado/champu-neutro-sin-sulfatos-herbal-500-ml-herbal/R-prod62009/p
Perfumeria E Higiene,Desodorante en spray dermo extra control Sanex 200 ml.,"2,75 €","1,37 €/100ml",https://www.carrefour.es/supermercado/champu-neutro-sin-sulfatos-herbal-500-ml-herbal/R-prod62009/p
Perfumeria E Higiene,Tampones con aplicador Normal Carrefour 32 ud.,"2,20 €","0,07 €/ud",https://www.carrefour.es/supermercado/desodorante-en-spray-dermo-extra-control-sanex-200-ml-sanex/R-713621930/p
Perfumeria E Higiene,Champú suave y liso para cabello encrespado o apagado Pro-V Pantene 700 ml.,"5,87 €","0,84 €/100ml",https://www.carrefour.es/supermercado/desodorante-en-spray-dermo-extra-control-sanex-200-ml-sanex/R-713621930/p
Perfumeria E Higiene,Champú para pelo normal y mixto Cuidado Clásico Pro-V Pantene 360 ml.,"3,51 €","0,97 €/100ml",https://www.carrefour.es/supermercado/tampones-con-aplicador-normal-carrefour-32-ud-carrefour/R-521000528/p
Perfumeria E Higiene,Champú anticaspa Menthol Fresh H&S 360 ml.,"4,00 €","1,11 €/100ml",https://www.carrefour.es/supermercado/tampones-con-aplicador-normal-carrefour-32-ud-carrefour/R-521000528/p
Perfumeria E Higiene,CH ULTRA SUAVE ALBARICOQUE 400,"3,30 €","0,82 €/100ml",https://www.carrefour.es/supermercado/champu-suave-y-liso-para-cabello-encrespado-o-apagado-pro-v-pantene-700-ml-pantene/R-797608312/p
Perfumeria E Higiene,Dentífrico para dientes sensibles repair & protect blanqueante Sensodyne 75 ml.,"4,15 €","5,53 €/100ml",https://www.carrefour.es/supermercado/champu-suave-y-liso-para-cabello-encrespado-o-apagado-pro-v-pantene-700-ml-pantene/R-797608312/p
Perfumeria E Higiene,Gel de ducha rose elegant Magno 550 ml.,"2,80 €","0,51 €/100ml",https://www.carrefour.es/supermercado/champu-para-pelo-normal-y-mixto-cuidado-clasico-pro-v-pantene-360-ml-pantene/R-799110710/p
Perfumeria E Higiene,Desodorante en crema Dove 50 ml.,"2,15 €","4,30 €/100ml",https://www.carrefour.es/supermercado/champu-para-pelo-normal-y-mixto-cuidado-clasico-pro-v-pantene-360-ml-pantene/R-799110710/p
Perfumeria E Higiene,Gel de ducha Gold Magno 550 ml.,"2,80 €","0,51 €/100ml",https://www.carrefour.es/supermercado/champu-anticaspa-menthol-fresh-hs-360-ml-hs/R-823818676/p
Perfumeria E Higiene,Champú Ultra prevención caída hombre H&S 300 ml.,"4,00 €","1,33 €/100ml",https://www.carrefour.es/supermercado/champu-anticaspa-menthol-fresh-hs-360-ml-hs/R-823818676/p
Perfumeria E Higiene,Desodorante roll-on 24h con proteínas de la leche antitranspirante Carrefour 50 ml.,"0,75 €","1,50 €/100ml",https://www.carrefour.es/supermercado/ch-ultra-suave-albaricoque-400-garnier-ultra-suave/R-529043457/p
Perfumeria E Higiene,Cepillo interdental ultra fino Carrefour 5 ud.,"1,28 €","0,26 €/ud",https://www.carrefour.es/supermercado/ch-ultra-suave-albaricoque-400-garnier-ultra-suave/R-529043457/p
Perfumeria E Higiene,Dentífrico sabor a fruta para niños de 3 a 5 años Colgate 50 ml.,"1,99 €","3,98 €/100ml",https://www.carrefour.es/supermercado/dentifrico-para-dientes-sensibles-repair-protect-blanqueante-sensodyne-75-ml-sensodyne/R-668105509/p
Perfumeria E Higiene,Protegeslip normal ecológico Carrefour Eco Planet 24 ud.,"1,28 €","0,05 €/ud",https://www.carrefour.es/supermercado/dentifrico-para-dientes-sensibles-repair-protect-blanqueante-sensodyne-75-ml-sensodyne/R-668105509/p
Perfumeria E Higiene,Compresas Cottonlike superplus con alas Evax 10 ud.,"2,08 €","0,21 €/ud",https://www.carrefour.es/supermercado/gel-de-ducha-rose-elegant-magno-550-ml-magno/R-prod870429/p
Perfumeria E Higiene,Enjuague bucal zero Listerine 500 ml.,"4,80 €","0,96 €/100ml",https://www.carrefour.es/supermercado/gel-de-ducha-rose-elegant-magno-550-ml-magno/R-prod870429/p
Perfumeria E Higiene,Laca fijación ultra fuerte Pro-V Pantene 300 ml.,"3,00 €","1,00 €/100ml",https://www.carrefour.es/supermercado/desodorante-en-crema-dove-50-ml-dove/R-520664863/p
Perfumeria E Higiene,Gel de ducha kiss fresa y nata Tulipán Negro 600 ml.,"2,10 €","0,29 €/100ml",https://www.carrefour.es/supermercado/desodorante-en-crema-dove-50-ml-dove/R-520664863/p
Perfumeria E Higiene,Gel de ducha reparador Lactourea Lactovit 600 ml.,"2,29 €","0,38 €/100ml",https://www.carrefour.es/supermercado/gel-de-ducha-gold-magno-550-ml-magno/R-640002011/p
Perfumeria E Higiene,Gel hidroalcohólico antiséptico para piel sana Snona dosificador de 500 ml.,"4,50 €","0,90 €/100ml",https://www.carrefour.es/supermercado/gel-de-ducha-gold-magno-550-ml-magno/R-640002011/p
Perfumeria E Higiene,Acondicionador anti rotura para pelos frágil y con tendencia a caerse Full Resist L'Oréal-Elvive 300 ml.,"3,60 €","1,12 €/100ml",https://www.carrefour.es/supermercado/champu-ultra-prevencion-caida-hombre-hs-300-ml-hs/R-prod650200/p
Perfumeria E Higiene,Desodorante roll-on organic fresh activo con menta y te verde ecológico Byly 50 ml.,"2,70 €","3,60 €/100ml",https://www.carrefour.es/supermercado/desodorante-roll-on-organic-fresh-activo-con-menta-y-te-verde-ecologico-byly-50-ml-byly/R-520664875/p
Perfumeria E Higiene,Crema de manos tratamiento intensivo Dove-goodness 75 ml.,"2,20 €","3,60 €/100ml",https://www.carrefour.es/supermercado/desodorante-roll-on-organic-fresh-activo-con-menta-y-te-verde-ecologico-byly-50-ml-byly/R-520664875/p
Perfumeria E Higiene,Dentífrico xtra white triple acción Colgate 75 ml.,"0,61 €","2,93 €/100ml",https://www.carrefour.es/supermercado/HuchaPromocion?promoId=huchaDisc420103
Perfumeria E Higiene,Dentrífico blanqueador Dentalyss White Carrefour 75 ml.,"4,50 €","0,81 €/100ml",https://www.carrefour.es/supermercado/crema-de-manos-tratamiento-intensivo-dove-goodness-75-ml-dove-goodness/R-820613930/p
Perfumeria E Higiene,Dentífrico Sensibilidad y Blanqueador Pro-Expert,"2,00 €","3,60 €/100ml",https://www.carrefour.es/supermercado/crema-de-manos-tratamiento-intensivo-dove-goodness-75-ml-dove-goodness/R-820613930/p
Perfumeria E Higiene,Gel de ducha con sales minerales aroma aguacate La Toja 550 ml.,"3,05 €","0,36 €/100ml",https://www.carrefour.es/supermercado/dentifrico-xtra-white-triple-accion-colgate-75-ml-colgate/R-prod820041/p
Perfumeria E Higiene,Gel de ducha aceite de coco y leche de almendras Dove 500 ml.,"3,85 €","0,61 €/100ml",https://www.carrefour.es/supermercado/dentifrico-xtra-white-triple-accion-colgate-75-ml-colgate/R-prod820041/p
Perfumeria E Higiene,Protegeslip Cottonlike normal Evax 100 ud.,"2,50 €","0,04 €/ud",https://www.carrefour.es/supermercado/dentrifico-blanqueador-dentalyss-white-carrefour-75-ml/R-fprod1470156/p
Perfumeria E Higiene,Gel de ducha en crema con coco y leche hidratante NB Palmolive 600 ml.,"4,29 €","0,42 €/100ml",https://www.carrefour.es/supermercado/dentrifico-blanqueador-dentalyss-white-carrefour-75-ml/R-fprod1470156/p
Perfumeria E Higiene,Bandas de cera depilatoria facial para pieles sensibles Veet 20 ud,"0,99 €","0,21 €/ud",https://www.carrefour.es/supermercado/dentifrico-sensibilidad-y-blanqueador-pro-expert-oral-b/R-850500531/p
Perfumeria E Higiene,Cepillo dental medio con cerdas cruzadas Carrefour 2 ud.,"0,99 €","0,49 €/ud",https://www.carrefour.es/supermercado/dentifrico-sensibilidad-y-blanqueador-pro-expert-oral-b/R-850500531/p
Perfumeria E Higiene,Crema suavizante 1 l.,"3,15 €","0,10 €/100ml",https://www.carrefour.es/supermercado/gel-de-ducha-con-sales-minerales-aroma-aguacate-la-toja-550-ml-la-toja/R-prod810481/p
Perfumeria E Higiene,Desodorante roll-on Original con vitaminas E y F Dove pack de 2 unidades de 50 ml.,"3,50 €","3,15 €/100ml",https://www.carrefour.es/supermercado/gel-de-ducha-con-sales-minerales-aroma-aguacate-la-toja-550-ml-la-toja/R-prod810481/p
Perfumeria E Higiene,Crema corporal nutritiva para piel seca Lactovit 400 ml.,"3,51 €","0,87 €/100ml",https://www.carrefour.es/supermercado/HuchaPromocion?promoId=huchaDisc420107
Perfumeria E Higiene,Champú micelar purifica & revitaliza para pelo graso y apagado Pro-V Pantene 360 ml.,"7,30 €","0,97 €/100ml",https://www.carrefour.es/supermercado/gel-de-ducha-aceite-de-coco-y-leche-de-almendras-dove-500-ml-dove/R-872302133/p
Perfumeria E Higiene,Maquina de afeitar desechable Blue II Gillette 15 ud.,"2,30 €","0,49 €/ud",https://www.carrefour.es/supermercado/gel-de-ducha-aceite-de-coco-y-leche-de-almendras-dove-500-ml-dove/R-872302133/p
Perfumeria E Higiene,Dentífrico Complete con enjuague bucal + blanqueante Oral-B 75 ml.,"3,59 €","3,07 €/100ml",https://www.carrefour.es/supermercado/protegeslip-cottonlike-normal-evax-100-ud-evax/R-615201728/p
Perfumeria E Higiene,Champú fortificante Adiós Daños para cabello dañado Garnier-Fructis 360 ml.,"5,00 €","1,00 €/100ml",https://www.carrefour.es/supermercado/protegeslip-cottonlike-normal-evax-100-ud-evax/R-615201728/p
Perfumeria E Higiene,Champú liso y sedoso proteínas de seda & aceite de argán para cabello seco y tendencia a encresparse Tresemmé 855 ml,"2,80 €","0,58 €/100ml",https://www.carrefour.es/supermercado/gel-de-ducha-en-crema-con-coco-y-leche-hidratante-nb-palmolive-600-ml-nb-palmolive/R-prod65444/p
Perfumeria E Higiene,Gel de ducha purificante aloe vera Moussel 600 ml.,"2,29 €","0,47 €/100ml",https://www.carrefour.es/supermercado/gel-de-ducha-en-crema-con-coco-y-leche-hidratante-nb-palmolive-600-ml-nb-palmolive/R-prod65444/p
Perfumeria E Higiene,Desodorante en spray para hombre con proteínas de leche Lactovit 200 ml.,"4,80 €","1,14 €/100ml",https://www.carrefour.es/supermercado/promocion?promoId=promof2530009
Perfumeria E Higiene,Enjuague encías revitalizante fortificante Colgate 500 ml.,"6,82 €","0,96 €/100ml",https://www.carrefour.es/supermercado/bandas-de-cera-depilatoria-facial-para-pieles-sensibles-veet-20-ud-veet/R-prod62651/p
Perfumeria E Higiene,Champú anticaspa para cabello graso Citrus Fresh H&S 700 ml.,"1,58 €","0,97 €/100ml",https://www.carrefour.es/supermercado/bandas-de-cera-depilatoria-facial-para-pieles-sensibles-veet-20-ud-veet/R-prod62651/p
Perfumeria E Higiene,Champú Familiar para cabello normal Revlon Flex 650 ml.,"3,10 €","0,48 €/100ml",https://www.carrefour.es/supermercado/champu-familiar-para-cabello-normal-revlon-flex-650-ml-flex/R-520663145/p
Perfumeria E Higiene,Arcos dentales para la limpieza interdental Carrefour 30 ud.,"0,99 €","0,03 €/ud",https://www.carrefour.es/supermercado/champu-familiar-para-cabello-normal-revlon-flex-650-ml-flex/R-520663145/p
Perfumeria E Higiene,Tampones super plus Pearl Compak Tampax 16 ud.,"3,80 €","0,24 €/ud",https://www.carrefour.es/supermercado/arcos-dentales-para-la-limpieza-interdental-carrefour-30-ud-carrefour/R-prod760498/p
Perfumeria E Higiene,Toallitas Desmaquilladoras Refrescantes Piel normal/mixta Nivea 40 ud.,"2,30 €","0,06 €/ud",https://www.carrefour.es/supermercado/arcos-dentales-para-la-limpieza-interdental-carrefour-30-ud-carrefour/R-prod760498/p
Perfumeria E Higiene,Jabón de manos en pastilla glicerina natural Lixoné 375 g.,"2,30 €","0,61 €/100g",https://www.carrefour.es/supermercado/tampones-super-plus-pearl-compak-tampax-16-ud/R-VC4AECOMM-446098/p
Perfumeria E Higiene,Discos desmaquillantes sensitive Demak Up 48 ud.,"1,72 €","0,04 €/ud",https://www.carrefour.es/supermercado/tampones-super-plus-pearl-compak-tampax-16-ud/R-VC4AECOMM-446098/p
Perfumeria E Higiene,Dentífrico blanqueante Encias & Esmalte Repair Oral-B 75 ml.,"3,30 €","4,40 €/100ml",https://www.carrefour.es/supermercado/promocion?promoId=promof2530039
Perfumeria E Higiene,Cepillo dental zigzag suave Colgate 3 ud,"2,50 €","2,50 €/ud",https://www.carrefour.es/supermercado/toallitas-desmaquilladoras-refrescantes-piel-normal-mixta-nivea-40-ud-nivea/R-814300681/p
Perfumeria E Higiene,Compresas maxi noche Absodys Carrefour 12 ud.,"2,90 €","0,24 €/ud",https://www.carrefour.es/supermercado/toallitas-desmaquilladoras-refrescantes-piel-normal-mixta-nivea-40-ud-nivea/R-814300681/p
Perfumeria E Higiene,Champú violeta matizadora L'Oréal-Elvive 200 g,"4,20 €","2,10 €/100ml",https://www.carrefour.es/supermercado/HuchaPromocion?promoId=huchaDisc420130
Perfumeria E Higiene,Mascarilla capilar 3 en 1 Hair Food Aloe Vera hidratante para cabello normal Garnier Fructis 390 ml.,"5,45 €","1,40 €/100ml",https://www.carrefour.es/supermercado/jabon-de-manos-en-pastilla-glicerina-natural-lixone-375-g-lixone/R-590207329/p
Perfumeria E Higiene,Tampones Compak Lites Tampax 22 ud.,"3,60 €","0,16 €/ud",https://www.carrefour.es/supermercado/jabon-de-manos-en-pastilla-glicerina-natural-lixone-375-g-lixone/R-590207329/p
Perfumeria E Higiene,Toallitas desmaquillantes hidratantes para pieles secas y sensibles Diadermine 20 ud.,"3,75 €","0,11 €/ud",https://www.carrefour.es/supermercado/discos-desmaquillantes-sensitive-demak-up-48-ud-demak-up/R-840300701/p
Perfumeria E Higiene,Esponja de baño natural marina Carrefour 1 ud.,"2,64 €","3,75 €/ud",https://www.carrefour.es/supermercado/discos-desmaquillantes-sensitive-demak-up-48-ud-demak-up/R-840300701/p
Perfumeria E Higiene,Crema gel nutri rizos secado al aire sin aclarado cabello rizado Garnier-Fructis 400 ml.,"1,70 €","1,06 €/100ml",https://www.carrefour.es/supermercado/dentifrico-blanqueante-encias-esmalte-repair-oral-b-75-ml-oral-b/R-prod650128/p
Perfumeria E Higiene,Dentífrico Multi-Protección Oral-B 75 ml.,"1,82 €","3,52 €/100ml",https://www.carrefour.es/supermercado/dentifrico-blanqueante-encias-esmalte-repair-oral-b-75-ml-oral-b/R-prod650128/p
Perfumeria E Higiene,Champú seco anti-grasa 24h para cabellos con tendencia a grasa Gliss 200 ml.,"3,59 €","1,90 €/100ml",https://www.carrefour.es/supermercado/cepillo-dental-zigzag-suave-colgate-3-ud-colgate/R-767306348/p
Perfumeria E Higiene,Desodorante roll-on Zero 0% extra control Sanex 50 ml.,"8,30 €","3,40 €/100ml",https://www.carrefour.es/supermercado/cepillo-dental-zigzag-suave-colgate-3-ud-colgate/R-767306348/p
Perfumeria E Higiene,Dentífrico + enjuague bucal 2 en 1 Acción 3 Licor del Polo 75 ml.,"3,90 €","2,43 €/100ml",https://www.carrefour.es/supermercado/compresas-maxi-noche-absodys-carrefour-12-ud-carrefour/R-857500370/p
Perfumeria E Higiene,Champú fortificante Pure Fresh Pepino Purificante para cabello graso Garnier-Fructis 360 ml.,"2,85 €","1,00 €/100ml",https://www.carrefour.es/supermercado/compresas-maxi-noche-absodys-carrefour-12-ud-carrefour/R-857500370/p
Perfumeria E Higiene,Pack de 2 dentífricos Fluocaril 250 mg,"3,51 €","3,32 €/100ml",https://www.carrefour.es/supermercado/champu-violeta-matizadora-loreal-elvive-200-g-loreal-elvive/R-prod1120105/p
Perfumeria E Higiene,Dentífrico junior + 6 años con flúor sabor fresa refrescante Licor del Polo 75 ml.,"2,10 €","2,80 €/100ml",https://www.carrefour.es/supermercado/dentifrico-junior-6-anos-con-fluor-sabor-fresa-refrescante-licor-del-polo-75-ml-licor-del-polo/R-prod350556/p
Perfumeria E Higiene,Discos desmaquillantes Carrefour pack de 3 unidades de 70 ud.,"1,50 €","0,01 €/ud",https://www.carrefour.es/supermercado/dentifrico-junior-6-anos-con-fluor-sabor-fresa-refrescante-licor-del-polo-75-ml-licor-del-polo/R-prod350556/p
Perfumeria E Higiene,Espuma de afeitar piel sensible Gillette 300 ml.,"2,20 €","0,73 €/100ml",https://www.carrefour.es/supermercado/HuchaPromocion?promoId=huchaDisc420129
Perfumeria E Higiene,Desechable Sensor 3 Gillette 4 ud.,"4,25 €","1,06 €/ud",https://www.carrefour.es/supermercado/discos-desmaquillantes-carrefour-pack-de-3-unidades-de-70-ud/R-VC4AECOMM-540534/p
Perfumeria E Higiene,Desodorante en spray piel sensible con piedra de alumbre natur protect Sanex 200 ml.,"2,50 €","1,25 €/100ml",https://www.carrefour.es/supermercado/discos-desmaquillantes-carrefour-pack-de-3-unidades-de-70-ud/R-VC4AECOMM-540534/p
Perfumeria E Higiene,Champú liso keratina con aceite de marula Tresemmé 685 ml.,"5,25 €","0,77 €/100ml",https://www.carrefour.es/supermercado/espuma-de-afeitar-piel-sensible-gillette-300-ml-gillette/R-prod371855/p
Perfumeria E Higiene,Agua Micelar todo en 1 Garnier 400 ml.,"4,75 €","1,19 €/100ml",https://www.carrefour.es/supermercado/espuma-de-afeitar-piel-sensible-gillette-300-ml-gillette/R-prod371855/p
Perfumeria E Higiene,Champú anticaspa con aceite de argán Suprême Repara H&S 300 ml.,"4,05 €","1,35 €/100ml",https://www.carrefour.es/supermercado/desechable-sensor-3-gillette-4-ud-gillette/R-521000928/p
Perfumeria E Higiene,Cepillo de dientes medio max white Colgate 2 ud.,"2,95 €","2,95 €/ud",https://www.carrefour.es/supermercado/desechable-sensor-3-gillette-4-ud-gillette/R-521000928/p
Perfumeria E Higiene,Jabón de manos vainilla y karité Becasan Nature 500 ml.,"2,50 €","0,50 €/100ml",https://www.carrefour.es/supermercado/desodorante-en-spray-piel-sensible-con-piedra-de-alumbre-natur-protect-sanex-200-ml-sanex/R-520664843/p
Perfumeria E Higiene,ACONDICION PANTENE REPARA300ML,"3,90 €","1,30 €/100ml",https://www.carrefour.es/supermercado/desodorante-en-spray-piel-sensible-con-piedra-de-alumbre-natur-protect-sanex-200-ml-sanex/R-520664843/p
Perfumeria E Higiene,Champú fortificante Anticaspa para cabello normal Garnier-Fructis 360 ml.,"3,59 €","1,00 €/100ml",https://www.carrefour.es/supermercado/HuchaPromocion?promoId=huchaDisc420093
Perfumeria E Higiene,Jabón de manos clásico Moussel 300 ml.,"1,99 €","0,66 €/100ml",https://www.carrefour.es/supermercado/champu-liso-keratina-con-aceite-de-marula-tresemme-685-ml/R-VC4AECOMM-468560/p
Perfumeria E Higiene,Jabón de manos en pastilla con sales minerales La Toja pack de 2 pastillas de 125 g.,"1,77 €","0,71 €/100g",https://www.carrefour.es/supermercado/champu-liso-keratina-con-aceite-de-marula-tresemme-685-ml/R-VC4AECOMM-468560/p
Perfumeria E Higiene,Gel de ducha Pompas Kids Carrefour 500 ml.,"1,37 €","0,27 €/100ml",https://www.carrefour.es/supermercado/agua-micelar-todo-en-1-garnier-400-ml-garnier/R-756700952/p
Perfumeria E Higiene,Champú anticaspa apple fresh H&S 1000 ml.,"8,90 €","0,89 €/100ml",https://www.carrefour.es/supermercado/agua-micelar-todo-en-1-garnier-400-ml-garnier/R-756700952/p
Perfumeria E Higiene,Toallitas Desmaquilladoras Suaves Piel seca/sensible Nivea 40 ud.,"1,39 €","0,05 €/ud",https://www.carrefour.es/supermercado/champu-anticaspa-con-aceite-de-argan-suprme-repara-hs-300-ml-hs/R-prod650167/p
Perfumeria E Higiene,Discos desmaquillantes suaves ecológicos Carrefour Bio 70 ud.,"3,70 €","0,02 €/ud",https://www.carrefour.es/supermercado/champu-anticaspa-con-aceite-de-argan-suprme-repara-hs-300-ml-hs/R-prod650167/p
Perfumeria E Higiene,Gel íntimo Chilly 250 ml.,"0,99 €","1,48 €/100ml",https://www.carrefour.es/supermercado/cepillo-de-dientes-medio-max-white-colgate-2-ud-colgate/R-526413895/p
Perfumeria E Higiene,Dentífrico expert + herbal 10 en 1 Dentalyss pack de 2 unidades de 75 ml.,"3,95 €","0,66 €/100ml",https://www.carrefour.es/supermercado/cepillo-de-dientes-medio-max-white-colgate-2-ud-colgate/R-526413895/p
Perfumeria E Higiene,Compresas incontinencia super Absodys Carrefour 20 ud.,"2,24 €","0,20 €/ud",https://www.carrefour.es/supermercado/jabon-de-manos-vainilla-y-karite-becasan-nature-500-ml/R-prod393204/p
Perfumeria E Higiene,"Gel de ducha Leche Carrefour 1,50 l.","4,70 €","0,15 €/100ml",https://www.carrefour.es/supermercado/jabon-de-manos-vainilla-y-karite-becasan-nature-500-ml/R-prod393204/p
Perfumeria E Higiene,Tabletas limpiadoras para prótesis dentales oxígeno activo,"2,10 €","0,16 €/ud",https://www.carrefour.es/supermercado/acondicion-pantene-repara300ml-pantene/R-520663339/p
Perfumeria E Higiene,Champú Repara Aceite de argán de marruecos bío:renew Herbal Essences 400 ml.,"3,99 €","1,00 €/100ml",https://www.carrefour.es/supermercado/champu-repara-aceite-de-argan-de-marruecos-biorenew-herbal-essences-400-ml-herbal-essences/R-prod650101/p
Perfumeria E Higiene,Champú Aceite Extraordinario para cabello normal a seco L'Oréal-Elvive 370 ml.,"3,84 €","1,04 €/100ml",https://www.carrefour.es/supermercado/champu-repara-aceite-de-argan-de-marruecos-biorenew-herbal-essences-400-ml-herbal-essences/R-prod650101/p
Perfumeria E Higiene,CARREFOUR COLONIA FRESCA 750,"1,45 €","0,19 €/100ml",https://www.carrefour.es/supermercado/champu-aceite-extraordinario-para-cabello-normal-a-seco-loreal-elvive-370-ml-loreal-elvive/R-826005355/p
Perfumeria E Higiene,Desodorante en spray Black&White Invisible Original Nivea 250 ml.,"2,50 €","1,00 €/100ml",https://www.carrefour.es/supermercado/champu-aceite-extraordinario-para-cabello-normal-a-seco-loreal-elvive-370-ml-loreal-elvive/R-826005355/p
Perfumeria E Higiene,Champú para pelo graso Aqua Light Pro-V Pantene 360 ml.,"3,51 €","0,97 €/100ml",https://www.carrefour.es/supermercado/promocion?promoId=promof2530047
Perfumeria E Higiene,Gel de ducha cremoso fresa Palmolive Gourmet 500 ml.,"3,45 €","0,57 €/100ml",https://www.carrefour.es/supermercado/carrefour-colonia-fresca-750-carrefour/R-521008338/p
Perfumeria E Higiene,Gel de ducha con aceite de coco Natural Honey 1500 ml.,"1,34 €","0,23 €/100ml",https://www.carrefour.es/supermercado/carrefour-colonia-fresca-750-carrefour/R-521008338/p
Perfumeria E Higiene,Acondicionador repara y protege Pantene 90 ml.,"5,25 €","1,49 €/100ml",https://www.carrefour.es/supermercado/desodorante-en-spray-blackwhite-invisible-original-nivea-250-ml-nivea/R-fprod1190520/p
Perfumeria E Higiene,Acondicionador nutre & fortalece con aceite de coco & aloe vera cabello hidratado y mas fuerte Tresemmé 685 ml,"2,39 €","0,77 €/100ml",https://www.carrefour.es/supermercado/desodorante-en-spray-blackwhite-invisible-original-nivea-250-ml-nivea/R-fprod1190520/p
Perfumeria E Higiene,Dentífrico blanqueador Sensitive Colgate 75+25 ml.,"3,59 €","3,19 €/100ml",https://www.carrefour.es/supermercado/promocion?promoId=promof2530011
Perfumeria E Higiene,Champú fortificante alisador Hidra Liso Garnier-Fructis 360 ml.,"1,50 €","1,00 €/100ml",https://www.carrefour.es/supermercado/champu-para-pelo-graso-aqua-light-pro-v-pantene-360-ml-pantene/R-798482407/p
Perfumeria E Higiene,Esponja de baño bebé dermo Carrefouer 1 ud.,"8,81 €","1,50 €/ud",https://www.carrefour.es/supermercado/champu-para-pelo-graso-aqua-light-pro-v-pantene-360-ml-pantene/R-798482407/p
Perfumeria E Higiene,Enjuague bucal Dientes y encias Listerine 1 l.,"1,99 €","0,88 €/100ml",https://www.carrefour.es/supermercado/gel-de-ducha-cremoso-fresa-palmolive-gourmet-500-ml-palmolive/R-prod100350/p
Perfumeria E Higiene,Minibandas depilatorias faciales de cera fría con aloe vera Carrefour 20 ud.,"10,15 €","0,10 €/ud",https://www.carrefour.es/supermercado/gel-de-ducha-cremoso-fresa-palmolive-gourmet-500-ml-palmolive/R-prod100350/p
Perfumeria E Higiene,Champú anticaspa menthol fresh XXL H&S 1 l.,"3,70 €","1,02 €/100ml",https://www.carrefour.es/supermercado/HuchaPromocion?promoId=huchaDisc420106
Perfumeria E Higiene,Gel íntimo delicado Chilly 250 ml.,"11,00 €","1,48 €/100ml",https://www.carrefour.es/supermercado/gel-de-ducha-con-aceite-de-coco-natural-honey-1500-ml-natural-honey/R-814635072/p
Perfumeria E Higiene,Recambio maquinilla Venus Breeze Gillette 4 ud.,"0,93 €","2,75 €/ud",https://www.carrefour.es/supermercado/gel-de-ducha-con-aceite-de-coco-natural-honey-1500-ml-natural-honey/R-814635072/p
Perfumeria E Higiene,Esponja vegetal suave delicada Carrefour 1 ud.,"2,55 €","0,93 €/ud",https://www.carrefour.es/supermercado/acondicionador-repara-y-protege-pantene-90-ml-pantene/R-prod880813/p
Perfumeria E Higiene,ESPUMA RIZO MARC.GIORGI 210M,"3,51 €","1,21 €/100ml",https://www.carrefour.es/supermercado/acondicionador-repara-y-protege-pantene-90-ml-pantene/R-prod880813/p
Perfumeria E Higiene,Champú para rizos encrespados Rizos Definidos Pro-V Pantene 360 ml.,"2,75 €","0,97 €/100ml",https://www.carrefour.es/supermercado/acondicionador-nutre-fortalece-con-aceite-de-coco-aloe-vera-cabello-hidratado-y-mas-fuerte-tresemme-685-ml/R-VC4AECOMM-468518/p
Perfumeria E Higiene,Enjuague bucal infantil Minions Colgate 250 ml.,"2,75 €","1,10 €/100ml",https://www.carrefour.es/supermercado/acondicionador-nutre-fortalece-con-aceite-de-coco-aloe-vera-cabello-hidratado-y-mas-fuerte-tresemme-685-ml/R-VC4AECOMM-468518/p
Perfumeria E Higiene,Desodorante en en spray Dermo Invisible Sanex 200 ml.,"4,00 €","1,37 €/100ml",https://www.carrefour.es/supermercado/dentifrico-blanqueador-sensitive-colgate-7525-ml-colgate/R-521000263/p
Perfumeria E Higiene,Mascarilla capilar color vive L'Oréal Elvive 300 ml.,"5,00 €","1,33 €/100ml",https://www.carrefour.es/supermercado/dentifrico-blanqueador-sensitive-colgate-7525-ml-colgate/R-521000263/p
Perfumeria E Higiene,Desodorante en spray dermo sensitive Sanex pack de 2 unidades de 200 ml.,"4,88 €","1,22 €/100ml",https://www.carrefour.es/supermercado/desodorante-en-spray-dermo-sensitive-sanex-pack-de-2-unidades-de-200-ml-sanex/R-520664899/p
Perfumeria E Higiene,Desodorante en spray Black Axe pack de 2 unidades de 125 ml.,"4,00 €","1,33 €/100ml",https://www.carrefour.es/supermercado/desodorante-en-spray-dermo-sensitive-sanex-pack-de-2-unidades-de-200-ml-sanex/R-520664899/p
Perfumeria E Higiene,Gel de afeitar Sensitive cool Gillette 200 ml.,"3,70 €","1,85 €/100ml",https://www.carrefour.es/supermercado/desodorante-en-spray-black-axe-pack-de-2-unidades-de-125-ml-axe/R-804031915/p
Perfumeria E Higiene,Compresas normal sin alas Evax Liberty 12 ud.,"2,75 €","0,23 €/ud",https://www.carrefour.es/supermercado/desodorante-en-spray-black-axe-pack-de-2-unidades-de-125-ml-axe/R-804031915/p
Perfumeria E Higiene,Esponja de baño con fibras naturales Calypso 1 ud.,"1,68 €","1,68 €/ud",https://www.carrefour.es/supermercado/gel-de-afeitar-sensitive-cool-gillette-200-ml-gillette/R-prod680011/p
Perfumeria E Higiene,Champú para pelo encrespado o apagado Suave & Liso Pro-V Pantene 360 ml.,"3,51 €","0,97 €/100ml",https://www.carrefour.es/supermercado/gel-de-afeitar-sensitive-cool-gillette-200-ml-gillette/R-prod680011/p
Perfumeria E Higiene,Enjuague bucal menta suave zero Listerine 1l.,"8,97 €","0,90 €/100ml",https://www.carrefour.es/supermercado/promocion?promoId=promof2530008
Perfumeria E Higiene,Ampollas rescate 1 minuto para cabello teñido o dañado Pantene 3 ud.,"3,75 €","1,25 €/ud",https://www.carrefour.es/supermercado/compresas-normal-sin-alas-evax-liberty-12-ud-evax-liberty/R-prod261489/p
Perfumeria E Higiene,Espuma de Afeitar Sensitive Nivea Men 200 ml.,"2,80 €","1,40 €/100ml",https://www.carrefour.es/supermercado/compresas-normal-sin-alas-evax-liberty-12-ud-evax-liberty/R-prod261489/p
Perfumeria E Higiene,Mascarilla capilar hidra-iso para cabello difícil de alisar Garnier Fructis 300 ml.,"3,80 €","1,27 €/100ml",https://www.carrefour.es/supermercado/esponja-de-bano-con-fibras-naturales-calypso-1-ud-calypso/R-522714318/p
Perfumeria E Higiene,Gel íntimo piel Sana Instituto Español 300 ml.,"2,39 €","0,80 €/100ml",https://www.carrefour.es/supermercado/esponja-de-bano-con-fibras-naturales-calypso-1-ud-calypso/R-522714318/p
Perfumeria E Higiene,Desodorante en spray anti manchas blancas con piedra de alumbre Natur Protect Sanex 200 ml.,"2,50 €","1,25 €/100ml",https://www.carrefour.es/supermercado/champu-para-pelo-encrespado-o-apagado-suave-liso-pro-v-pantene-360-ml-pantene/R-799110704/p
Perfumeria E Higiene,Champú Romero para cabello graso Les Cosmétiques -Nectar of Beauty 500 ml.,"1,99 €","0,40 €/100ml",https://www.carrefour.es/supermercado/champu-para-pelo-encrespado-o-apagado-suave-liso-pro-v-pantene-360-ml-pantene/R-799110704/p
Perfumeria E Higiene,Champú y acondicionador 2 en 1 delicado para cabello normal Timotei 750 ml.,"4,00 €","0,53 €/100ml",https://www.carrefour.es/supermercado/enjuague-bucal-menta-suave-zero-listerine-1l-listerine/R-867102841/p
Perfumeria E Higiene,BODY M.REAF Q10 P.SECA NIVE400,"5,10 €","1,27 €/100ml",https://www.carrefour.es/supermercado/enjuague-bucal-menta-suave-zero-listerine-1l-listerine/R-867102841/p
Perfumeria E Higiene,MASC.TOTAL REPAIR ELVIVE 300,"4,00 €","1,33 €/100ml",https://www.carrefour.es/supermercado/ampollas-rescate-1-minuto-para-cabello-tenido-o-danado-pantene-3-ud-pantene/R-710412608/p
Perfumeria E Higiene,Champú Camomila Reflejos Dorados para cabello rubio/castaño claro Timotei 400 ml.,"2,95 €","0,74 €/100ml",https://www.carrefour.es/supermercado/ampollas-rescate-1-minuto-para-cabello-tenido-o-danado-pantene-3-ud-pantene/R-710412608/p
Perfumeria E Higiene,Champú anticaspa para cabello graso Les Cosmétiques -Kera Science 400 ml.,"1,58 €","0,39 €/100ml",https://www.carrefour.es/supermercado/espuma-de-afeitar-sensitive-nivea-men-200-ml-nivea-men/R-521000801/p
Perfumeria E Higiene,Gel de ducha Creme Care Nivea 750 ml.,"3,15 €","0,13 €/ud",https://www.carrefour.es/supermercado/espuma-de-afeitar-sensitive-nivea-men-200-ml-nivea-men/R-521000801/p
Perfumeria E Higiene,Gel de ducha cremoso vainilla Palmolive Gourmet 500 ml.,"3,00 €","0,60 €/100ml",https://www.carrefour.es/supermercado/mascarilla-capilar-hidra-iso-para-cabello-dificil-de-alisar-garnier-fructis-300-ml-garnier-fructis/R-869702263/p
Perfumeria E Higiene,Gel de ducha Glicerina Carrefour 750 ml.,"1,24 €","0,17 €/100ml",https://www.carrefour.es/supermercado/mascarilla-capilar-hidra-iso-para-cabello-dificil-de-alisar-garnier-fructis-300-ml-garnier-fructis/R-869702263/p
Perfumeria E Higiene,Compresas finas Teen Cotton Sensation con alas Carrefour 14 ud.,"1,34 €","0,10 €/ud",https://www.carrefour.es/supermercado/gel-intimo-piel-sana-instituto-espanol-300-ml-instituto-espanol/R-835176173/p
Perfumeria E Higiene,Dentífrico Fresh Dentalyss Carrefour 100 ml.,"0,61 €","0,61 €/100ml",https://www.carrefour.es/supermercado/gel-intimo-piel-sana-instituto-espanol-300-ml-instituto-espanol/R-835176173/p
Perfumeria E Higiene,Compresas para pérdidas de orina mini Ausonia Discreet 20 ud.,"3,40 €","0,17 €/ud",https://www.carrefour.es/supermercado/desodorante-en-spray-anti-manchas-blancas-con-piedra-de-alumbre-natur-protect-sanex-200-ml-sanex/R-prod64113/p
Perfumeria E Higiene,Mascarilla capilar hidratación intensa Tresemmé 500 ml.,"5,00 €","1,00 €/100ml",https://www.carrefour.es/supermercado/mascarilla-capilar-hidratacion-intensa-tresemme-500-ml-tresemme/R-520663357/p
Perfumeria E Higiene,Gel de ducha con sales minerales de agua termal La Toja 1 l.,"3,65 €","0,36 €/100ml",https://www.carrefour.es/supermercado/mascarilla-capilar-hidratacion-intensa-tresemme-500-ml-tresemme/R-520663357/p
Perfumeria E Higiene,Desenredante en spray Carrefour Kids 200 ml.,"1,32 €","0,66 €/100ml",https://www.carrefour.es/supermercado/gel-de-ducha-con-sales-minerales-de-agua-termal-la-toja-1-l-la-toja/R-fprod1280531/p
Perfumeria E Higiene,Compresas para pérdidas de orina normal Ausonia Discreet 24 ud.,"6,35 €","0,26 €/ud",https://www.carrefour.es/supermercado/gel-de-ducha-con-sales-minerales-de-agua-termal-la-toja-1-l-la-toja/R-fprod1280531/p
Perfumeria E Higiene,Tampones compact super + con aplicador Carrefour 20 ud.,"1,56 €","0,08 €/ud",https://www.carrefour.es/supermercado/HuchaPromocion?promoId=huchaDisc420107
Perfumeria E Higiene,Compresas normal Sensitive Ausonia 12 ud.,"1,73 €","0,14 €/ud",https://www.carrefour.es/supermercado/desenredante-en-spray-carrefour-kids-200-ml-carrefour-kids/R-750404457/p
Perfumeria E Higiene,Maquinilla para mujer con toque de aloe Venus Oceana Guillte 4 ud.,"6,55 €","2,18 €/ud",https://www.carrefour.es/supermercado/desenredante-en-spray-carrefour-kids-200-ml-carrefour-kids/R-750404457/p
Perfumeria E Higiene,Gel de ducha con aceite de oliva Babaria 600 ml.,"1,07 €","0,18 €/100ml",https://www.carrefour.es/supermercado/compresas-para-perdidas-de-orina-normal-ausonia-discreet-24-ud-ausonia-discreet/R-814300905/p
Perfumeria E Higiene,Gel de ducha argán Carrefour 750 ml.,"1,25 €","0,17 €/100ml",https://www.carrefour.es/supermercado/compresas-para-perdidas-de-orina-normal-ausonia-discreet-24-ud-ausonia-discreet/R-814300905/p
Perfumeria E Higiene,Desodorante roll-on extreme sin perfume 72h Byly 50 ml.,"1,87 €","3,74 €/100ml",https://www.carrefour.es/supermercado/tampones-compact-super-con-aplicador-carrefour-20-ud-carrefour/R-789471594/p
Perfumeria E Higiene,Gel fijador 'Perfect Fix 24h' extrafuerte Giorgi 150 ml.,"2,50 €","1,67 €/100ml",https://www.carrefour.es/supermercado/tampones-compact-super-con-aplicador-carrefour-20-ud-carrefour/R-789471594/p
Perfumeria E Higiene,DUP DEO DOVE AERO INVISIB2X200,"4,85 €","1,21 €/100ml",https://www.carrefour.es/supermercado/compresas-normal-sensitive-ausonia-12-ud-ausonia/R-651302444/p
Perfumeria E Higiene,Protegeslip higiene mujer íntima Carefree 48 ud.,"2,50 €","0,05 €/ud",https://www.carrefour.es/supermercado/compresas-normal-sensitive-ausonia-12-ud-ausonia/R-651302444/p
Perfumeria E Higiene,Cepillo de dientes triple acción medio Colgate 1 ud.,"1,49 €","1,49 €/ud",https://www.carrefour.es/supermercado/maquinilla-para-mujer-con-toque-de-aloe-venus-oceana-guillte-4-ud-gillette/R-530363076/p
Perfumeria E Higiene,Crema de manos reparadora secas y dañadas Carrefour 100 ml.,"1,33 €","1,33 €/100ml",https://www.carrefour.es/supermercado/maquinilla-para-mujer-con-toque-de-aloe-venus-oceana-guillte-4-ud-gillette/R-530363076/p
Perfumeria E Higiene,Esponja exfoliante Carrefour 1 ud.,"0,99 €","0,99 €/ud",https://www.carrefour.es/supermercado/gel-de-ducha-con-aceite-de-oliva-babaria-600-ml-babaria/R-795705084/p
Perfumeria E Higiene,Desodorante roll-on tropical MotionSense Rexona 50 ml.,"4,00 €","3,88 €/100ml",https://www.carrefour.es/supermercado/gel-de-ducha-con-aceite-de-oliva-babaria-600-ml-babaria/R-795705084/p
Perfumeria E Higiene,Desodorante en spray Apollo Axe pack de 2 unidades de 150 ml.,"1,80 €","1,33 €/100ml",https://www.carrefour.es/supermercado/gel-de-ducha-argan-carrefour-750-ml-carrefour/R-prod1070629/p
Perfumeria E Higiene,Protegeslip normal Ausonia 40 ud.,"5,87 €","0,04 €/ud",https://www.carrefour.es/supermercado/gel-de-ducha-argan-carrefour-750-ml-carrefour/R-prod1070629/p
Perfumeria E Higiene,Champú anticaspa Pantene 700 ml.,"6,82 €","0,84 €/100ml",https://www.carrefour.es/supermercado/desodorante-roll-on-extreme-sin-perfume-72h-byly-50-ml-byly/R-665101823/p
Perfumeria E Higiene,Champú anticaspa Prevención Caída H&S 700 ml.,"4,25 €","0,97 €/100ml",https://www.carrefour.es/supermercado/desodorante-roll-on-extreme-sin-perfume-72h-byly-50-ml-byly/R-665101823/p
Perfumeria E Higiene,Enjuague bucal blanqueador expert Max White Colgate 500 ml.,"5,95 €","0,85 €/100ml",https://www.carrefour.es/supermercado/HuchaPromocion?promoId=huchaDisc420103
Perfumeria E Higiene,Champú fortificante fuerza y brillo para cabello normal Ganier Fructis 690 ml.,"4,72 €","0,86 €/100ml",https://www.carrefour.es/supermercado/gel-fijador-perfect-fix-24h-extrafuerte-giorgi-150-ml-giorgi/R-520663466/p
Perfumeria E Higiene,"Champú anticaspa Suave&Sedoso para cabello seco, dañado o encrespado H&S 360 ml.","4,00 €","1,11 €/100ml",https://www.carrefour.es/supermercado/champu-anticaspa-suavesedoso-para-cabello-seco-danado-o-encrespado-hs-360-ml-hs/R-823818620/p
Perfumeria E Higiene,Champú purificante con arcilla suave y limón Original Remedies 300 ml.,"3,30 €","1,10 €/100ml",https://www.carrefour.es/supermercado/champu-anticaspa-suavesedoso-para-cabello-seco-danado-o-encrespado-hs-360-ml-hs/R-823818620/p
Perfumeria E Higiene,Dentífrico Antiplaca Amarillo Duplo Binaca pack de 2 unidades de 75 ml.,"2,69 €","1,79 €/100ml",https://www.carrefour.es/supermercado/champu-purificante-con-arcilla-suave-y-limon-original-remedies-300-ml-original-remedies/R-prod731487/p
Perfumeria E Higiene,Desodorante stick classic Tulipán Negro 75 ml.,"2,15 €","2,15 €/100ml",https://www.carrefour.es/supermercado/champu-purificante-con-arcilla-suave-y-limon-original-remedies-300-ml-original-remedies/R-prod731487/p
Perfumeria E Higiene,Maquinillas desechables para hombre 2 hojas 10 ud.,"0,90 €","0,09 €/ud",https://www.carrefour.es/supermercado/promocion?promoId=promof2530013
Perfumeria E Higiene,Toallitas higiénicas para adultos Absodys Carrefour 64 ud.,"4,23 €","0,06 €/ud",https://www.carrefour.es/supermercado/dentifrico-antiplaca-amarillo-duplo-binaca-pack-de-2-unidades-de-75-ml-binaca/R-521028429/p
Perfumeria E Higiene,Mascarilla capilar Adiós Daños para cabello dañado Garnier Fructis 300 ml.,"3,80 €","1,27 €/100ml",https://www.carrefour.es/supermercado/dentifrico-antiplaca-amarillo-duplo-binaca-pack-de-2-unidades-de-75-ml-binaca/R-521028429/p
Perfumeria E Higiene,Desodorante en spray para pieles sensibles y delicadas Lactovit 200 ml.,"2,29 €","1,14 €/100ml",https://www.carrefour.es/supermercado/promocion?promoId=promof2530018
Perfumeria E Higiene,Champú anticaspa Suprême hidrata con aceite de argán H&S 300 ml.,"4,05 €","1,35 €/100ml",https://www.carrefour.es/supermercado/desodorante-stick-classic-tulipan-negro-75-ml-tulipan-negro/R-704404269/p
Perfumeria E Higiene,Champú Fresco y Fuerte para cabello normale Timotei 750 ml.,"4,00 €","0,53 €/100ml",https://www.carrefour.es/supermercado/desodorante-stick-classic-tulipan-negro-75-ml-tulipan-negro/R-704404269/p
Perfumeria E Higiene,Mascarilla hidratante revitalizante Hydra Bomb Garnier-Skin Active 1 ud.,"2,30 €","2,30 €/ud",https://www.carrefour.es/supermercado/maquinillas-desechables-para-hombre-2-hojas-10-ud/R-VC4AECOMM-447846/p
Perfumeria E Higiene,"Gel de ducha frescor azul refrescante perfume duradero para todo tipo de piel Carrefour 1,5 l.","1,42 €","0,09 €/100ml",https://www.carrefour.es/supermercado/maquinillas-desechables-para-hombre-2-hojas-10-ud/R-VC4AECOMM-447846/p
Perfumeria E Higiene,Dentífrico con flúor y calcio maximum protection caries kids menta suave Colgate 50 ml,"2,40 €","4,80 €/100ml",https://www.carrefour.es/supermercado/toallitas-higienicas-para-adultos-absodys-carrefour-64-ud-carrefour/R-835752379/p
Perfumeria E Higiene,Champú fortificante arginina resist x3 para cabello frágil L'Oréal-Elvive 690 ml.,"7,30 €","1,06 €/100ml",https://www.carrefour.es/supermercado/toallitas-higienicas-para-adultos-absodys-carrefour-64-ud-carrefour/R-835752379/p
Perfumeria E Higiene,Laca volume creation Pro-V Pantene 300 ml.,"3,00 €","1,00 €/100ml",https://www.carrefour.es/supermercado/mascarilla-capilar-adios-danos-para-cabello-danado-garnier-fructis-300-ml-garnier-fructis/R-869702273/p
Perfumeria E Higiene,Preservativos sensitivo suave Durex 12 ud.,"7,10 €","0,59 €/ud",https://www.carrefour.es/supermercado/mascarilla-capilar-adios-danos-para-cabello-danado-garnier-fructis-300-ml-garnier-fructis/R-869702273/p
Perfumeria E Higiene,Bandas depilatorias corporales de cera fría con aloe vera Carrefour 20 ud.,"1,68 €","0,08 €/ud",https://www.carrefour.es/supermercado/desodorante-en-spray-para-pieles-sensibles-y-delicadas-lactovit-200-ml-lactovit/R-520664885/p
Perfumeria E Higiene,Dentífrico limpieza avanzada Encias & Esmalte Repair Oral-B 75 ml.,"3,30 €","4,40 €/100ml",https://www.carrefour.es/supermercado/desodorante-en-spray-para-pieles-sensibles-y-delicadas-lactovit-200-ml-lactovit/R-520664885/p
Perfumeria E Higiene,"Mascarilla intensiva violeta para pelo con mechas, rubio, gris y bases oscuras color vive L'Oréal-Elvive 250 ml.","4,80 €","1,92 €/100ml",https://www.carrefour.es/supermercado/promocion?promoId=promof2530014
Perfumeria E Higiene,Maquinillas desechables Gillette 16 ud.,"4,00 €","0,82 €/ud",https://www.carrefour.es/supermercado/champu-anticaspa-suprme-hidrata-con-aceite-de-argan-hs-300-ml-hs/R-prod650173/p
Perfumeria E Higiene,Acondicionador nutritivo aceite de flores preciosas para pelo seco L'Oréal-Elvive 300 ml.,"4,10 €","1,33 €/100ml",https://www.carrefour.es/supermercado/champu-anticaspa-suprme-hidrata-con-aceite-de-argan-hs-300-ml-hs/R-prod650173/p
Perfumeria E Higiene,Gel de baño para el cuidado de pieles atópicas secas y sensibles Instituto Español 500 ml.,"4,05 €","0,82 €/100ml",https://www.carrefour.es/supermercado/champu-fresco-y-fuerte-para-cabello-normale-timotei-750-ml-timotei/R-713822808/p
Perfumeria E Higiene,Champú reflejos dorados para cabello rubio o con mechas Timotei 750 ml.,"1,24 €","0,54 €/100ml",https://www.carrefour.es/supermercado/champu-fresco-y-fuerte-para-cabello-normale-timotei-750-ml-timotei/R-713822808/p
Perfumeria E Higiene,Gel de ducha Almendras Carrefour 750 ml.,"1,24 €","0,17 €/100ml",https://www.carrefour.es/supermercado/gel-de-ducha-almendras-carrefour-750-ml-carrefour/R-prod1070651/p
Perfumeria E Higiene,Acondicionador fortilizante nutre & define aceite de pistacho para cabello rizado u ondulado Ganier Fructis 300 ml.,"3,70 €","1,23 €/100ml",https://www.carrefour.es/supermercado/gel-de-ducha-almendras-carrefour-750-ml-carrefour/R-prod1070651/p
Perfumeria E Higiene,Jabón de manos con leche y miel Palmolive 300 ml.,"2,15 €","0,72 €/100ml",https://www.carrefour.es/supermercado/acondicionador-fortilizante-nutre-define-aceite-de-pistacho-para-cabello-rizado-u-ondulado-ganier-fructis-300-ml/R-fprod1460511/p
Perfumeria E Higiene,Compresas incontinencia normal Absodys Carrefour 24 ud.,"3,99 €","0,17 €/ud",https://www.carrefour.es/supermercado/acondicionador-fortilizante-nutre-define-aceite-de-pistacho-para-cabello-rizado-u-ondulado-ganier-fructis-300-ml/R-fprod1460511/p
Perfumeria E Higiene,Desodorante stick dermo protector Sanex 65 ml.,"2,75 €","4,23 €/100ml",https://www.carrefour.es/supermercado/jabon-de-manos-con-leche-y-miel-palmolive-300-ml-nb-palmolive/R-684204122/p
Perfumeria E Higiene,Dentífrico para dientes sensibles Acción Completa Sensodyne 75 ml.,"4,15 €","5,53 €/100ml",https://www.carrefour.es/supermercado/jabon-de-manos-con-leche-y-miel-palmolive-300-ml-nb-palmolive/R-684204122/p
Perfumeria E Higiene,Enjuague bucal para encías sensibles sin alcohol Licor del Polo 500 ml.,"4,35 €","0,87 €/100ml",https://www.carrefour.es/supermercado/compresas-incontinencia-normal-absodys-carrefour-24-ud-carrefour/R-702506785/p
Perfumeria E Higiene,Gel de ducha de Té Verde Natural Honey 650 ml.,"2,08 €","0,32 €/100ml",https://www.carrefour.es/supermercado/compresas-incontinencia-normal-absodys-carrefour-24-ud-carrefour/R-702506785/p
Perfumeria E Higiene,Desodorante en spray Black&White Invisible Original Nivea Men 250 ml.,"2,62 €","1,05 €/100ml",https://www.carrefour.es/supermercado/desodorante-stick-dermo-protector-sanex-65-ml-sanex/R-760407095/p
Perfumeria E Higiene,Champú Hidrata Leche de coco renew ecológico Herbal Essences 400 ml.,"3,99 €","1,00 €/100ml",https://www.carrefour.es/supermercado/desodorante-stick-dermo-protector-sanex-65-ml-sanex/R-760407095/p
Perfumeria E Higiene,Dentífrico blanqueador optic Max White Colgate 75 ml.,"2,85 €","3,80 €/100ml",https://www.carrefour.es/supermercado/promocion?promoId=promof2530012
Perfumeria E Higiene,Agua de colonia familiar lavanda Carrefour 750 ml.,"1,45 €","0,19 €/100ml",https://www.carrefour.es/supermercado/dentifrico-para-dientes-sensibles-accion-completa-sensodyne-75-ml-sensodyne/R-731184218/p
Perfumeria E Higiene,Champú anticaspa para cabello normal Les Cosmétiques -Kera Science 400 ml.,"1,58 €","0,39 €/100ml",https://www.carrefour.es/supermercado/dentifrico-para-dientes-sensibles-accion-completa-sensodyne-75-ml-sensodyne/R-731184218/p
Perfumeria E Higiene,Gel piel sensible Gillette 200 ml.,"2,65 €","1,32 €/100ml",https://www.carrefour.es/supermercado/enjuague-bucal-para-encias-sensibles-sin-alcohol-licor-del-polo-500-ml-licor-del-polo/R-686701726/p
Perfumeria E Higiene,Crema corporal hidratante 10% Urea Carrefour 400 ml.,"1,95 €","0,49 €/100ml",https://www.carrefour.es/supermercado/enjuague-bucal-para-encias-sensibles-sin-alcohol-licor-del-polo-500-ml-licor-del-polo/R-686701726/p
Perfumeria E Higiene,Dentifrico frescor con agua de menta Carrefour Soft Bio 75 ml.,"2,10 €","2,80 €/100ml",https://www.carrefour.es/supermercado/HuchaPromocion?promoId=huchaDisc420129
Perfumeria E Higiene,Agua de colonia original Heno De Pravia 780 ml.,"2,45 €","0,38 €/100ml",https://www.carrefour.es/supermercado/gel-de-ducha-de-te-verde-natural-honey-650-ml-natural-honey/R-521008054/p
Perfumeria E Higiene,Espuma para rizos naturales Pro-V Pantene 250 ml.,"3,00 €","1,20 €/100ml",https://www.carrefour.es/supermercado/gel-de-ducha-de-te-verde-natural-honey-650-ml-natural-honey/R-521008054/p
Perfumeria E Higiene,Recambio fusion proglide manual Gillette 4 ud.,"17,20 €","4,30 €/ud",https://www.carrefour.es/supermercado/promocion?promoId=promof2530010
Perfumeria E Higiene,Desodorante en spray 24h pulpa de granada Les Cosmétiques Nectar of Beauty 200 ml.,"1,61 €","0,80 €/100ml",https://www.carrefour.es/supermercado/desodorante-en-spray-blackwhite-invisible-original-nivea-men-250-ml-nivea-men/R-fprod1190531/p
Perfumeria E Higiene,Dentífrico 2 en 1 Junior menta suave Licor del Polo 75 ml.,"1,82 €","2,43 €/100ml",https://www.carrefour.es/supermercado/desodorante-en-spray-blackwhite-invisible-original-nivea-men-250-ml-nivea-men/R-fprod1190531/p
Perfumeria E Higiene,Toallitas íntimas Scottex 25 ud.,"2,05 €","0,08 €/ud",https://www.carrefour.es/supermercado/promocion?promoId=promof2530011
Perfumeria E Higiene,Desodorante roll-on Invisible Dry Dove pack de 2 unidades de 50 ml.,"3,15 €","3,15 €/100ml",https://www.carrefour.es/supermercado/champu-hidrata-leche-de-coco-renew-ecologico-herbal-essences-400-ml-herbal-essences/R-prod650088/p
Perfumeria E Higiene,Dentífrico infantil animal gang +3 años Colgate 50 ml.,"2,10 €","4,20 €/100ml",https://www.carrefour.es/supermercado/champu-hidrata-leche-de-coco-renew-ecologico-herbal-essences-400-ml-herbal-essences/R-prod650088/p
Perfumeria E Higiene,Mascarilla nutritiva ligera con aceite de coco extraordinario para pelo normal o seco L'Oréal Elvive 300 ml.,"4,00 €","1,33 €/100ml",https://www.carrefour.es/supermercado/mascarilla-nutritiva-ligera-con-aceite-de-coco-extraordinario-para-pelo-normal-o-seco-loreal-elvive-300-ml-loreal-elvive/R-prod301638/p
Perfumeria E Higiene,Dentífrico sensibilidad y encías Sensodyne 75 ml.,"4,15 €","5,53 €/100ml",https://www.carrefour.es/supermercado/mascarilla-nutritiva-ligera-con-aceite-de-coco-extraordinario-para-pelo-normal-o-seco-loreal-elvive-300-ml-loreal-elvive/R-prod301638/p
Perfumeria E Higiene,Compresas con alas normal 100% algodón orgánico Ausonia 12 ud.,"3,20 €","0,27 €/ud",https://www.carrefour.es/supermercado/promocion?promoId=promof2530047
Perfumeria E Higiene,Preservativos finissimo original Control 12 ud.,"7,15 €","0,60 €/ud",https://www.carrefour.es/supermercado/dentifrico-sensibilidad-y-encias-sensodyne-75-ml-sensodyne/R-prod1020161/p
Perfumeria E Higiene,Maquinilla de afeitar desechable Blue II Plus Gillette 15 ud.,"7,30 €","0,49 €/ud",https://www.carrefour.es/supermercado/dentifrico-sensibilidad-y-encias-sensodyne-75-ml-sensodyne/R-prod1020161/p
Perfumeria E Higiene,Champú anticaspa 2 en 1 classic para cabello normal H&S 700 ml.,"6,82 €","0,97 €/100ml",https://www.carrefour.es/supermercado/compresas-con-alas-normal-100-algodon-organico-ausonia-12-ud-ausonia/R-fprod1410133/p
Perfumeria E Higiene,Quitaesmalte suave sin acetona Carrefour 200 ml.,"1,40 €","0,70 €/100ml",https://www.carrefour.es/supermercado/compresas-con-alas-normal-100-algodon-organico-ausonia-12-ud-ausonia/R-fprod1410133/p
Perfumeria E Higiene,Champú fresa para niños Carrefour Kids 300 ml.,"1,65 €","0,55 €/100ml",https://www.carrefour.es/supermercado/preservativos-finissimo-original-control-12-ud-control/R-530363302/p
Perfumeria E Higiene,Preservativos natural Durex 12 ud.,"6,40 €","0,53 €/ud",https://www.carrefour.es/supermercado/preservativos-finissimo-original-control-12-ud-control/R-530363302/p
Perfumeria E Higiene,PACK CEPILLO MEDIUM CRF 4 UND,"1,24 €","0,31 €/ud",https://www.carrefour.es/supermercado/maquinilla-de-afeitar-desechable-blue-ii-plus-gillette-15-ud-gillette/R-521000898/p
Perfumeria E Higiene,Champú suave ecológico Natura Instituto Español 500 ml.,"4,60 €","0,92 €/100ml",https://www.carrefour.es/supermercado/maquinilla-de-afeitar-desechable-blue-ii-plus-gillette-15-ud-gillette/R-521000898/p
Perfumeria E Higiene,Desodorante en spray tropical Rexona 250 ml.,"2,85 €","1,14 €/100ml",https://www.carrefour.es/supermercado/champu-anticaspa-2-en-1-classic-para-cabello-normal-hs-700-ml-hs/R-764119637/p
Perfumeria E Higiene,Desodorante en spray Natural 24h. Heno de Pravia 200 ml.,"2,59 €","1,29 €/100ml",https://www.carrefour.es/supermercado/champu-anticaspa-2-en-1-classic-para-cabello-normal-hs-700-ml-hs/R-764119637/p
Perfumeria E Higiene,Agua de colonia Classic Fresh S3 750 ml.,"3,45 €","0,46 €/100ml",https://www.carrefour.es/supermercado/promocion?promoId=promof2530045
Perfumeria E Higiene,Dentífrico original 12h de protección completa Colgate Total 50 ml.,"2,10 €","4,20 €/100ml",https://www.carrefour.es/supermercado/quitaesmalte-suave-sin-acetona-carrefour-200-ml-carrefour/R-785317932/p
Perfumeria E Higiene,Champú ultra nutritiva banana Garnier 350 ml.,"4,90 €","1,40 €/100ml",https://www.carrefour.es/supermercado/quitaesmalte-suave-sin-acetona-carrefour-200-ml-carrefour/R-785317932/p
Perfumeria E Higiene,Discos desmaquillantes cuidado facial Carrefour 80 ud.,"1,36 €","0,02 €/ud",https://www.carrefour.es/supermercado/champu-fresa-para-ninos-carrefour-kids-300-ml-carrefour-kids/R-768101395/p
Perfumeria E Higiene,Desodorante roll-on para hombre Cobalt anti-transpirante Rexona 50 ml.,"2,09 €","4,18 €/100ml",https://www.carrefour.es/supermercado/champu-fresa-para-ninos-carrefour-kids-300-ml-carrefour-kids/R-768101395/p
Perfumeria E Higiene,Champú hidratante aloe vera Garnier 350 ml.,"4,95 €","1,41 €/100ml",https://www.carrefour.es/supermercado/preservativos-natural-durex-12-ud/R-VC4AECOMM-487635/p
Perfumeria E Higiene,Cepillo dental duro con cerdas cruzadas Carrefour 2 ud.,"0,99 €","0,49 €/ud",https://www.carrefour.es/supermercado/preservativos-natural-durex-12-ud/R-VC4AECOMM-487635/p
Perfumeria E Higiene,Loción intensiva corporal para pieles extra seca Dove 400 ml.,"4,05 €","1,01 €/100ml",https://www.carrefour.es/supermercado/pack-cepillo-medium-crf-4-und-carrefour/R-526414129/p
Perfumeria E Higiene,Gel de ducha en crema con oliva y leche NB Palmolive 600 ml.,"2,50 €","0,42 €/100ml",https://www.carrefour.es/supermercado/pack-cepillo-medium-crf-4-und-carrefour/R-526414129/p
Perfumeria E Higiene,Desodorante en spray active control men Sanex 200 ml.,"3,11 €","1,55 €/100ml",https://www.carrefour.es/supermercado/champu-suave-ecologico-natura-instituto-espanol-500-ml-instituto-espanol/R-prod1130362/p
Perfumeria E Higiene,Desodorante en spray zero % respect & control men Sanex 200 ml.,"2,96 €","1,48 €/100ml",https://www.carrefour.es/supermercado/champu-suave-ecologico-natura-instituto-espanol-500-ml-instituto-espanol/R-prod1130362/p
Perfumeria E Higiene,Dentífrico expert + herbal 10 en 1 Dentalyss 75 ml.,"0,61 €","0,81 €/100ml",https://www.carrefour.es/supermercado/dentifrico-expert-herbal-10-en-1-dentalyss-75-ml-dentalyss/R-fprod1470187/p
Perfumeria E Higiene,"Sérum antiencrespamiento dream long pelo largo,encrespado L'Oréal-Elvive 100 ml.","5,15 €","5,15 €/100ml",https://www.carrefour.es/supermercado/dentifrico-expert-herbal-10-en-1-dentalyss-75-ml-dentalyss/R-fprod1470187/p
Perfumeria E Higiene,Desodorante en spray invisible for black & white Nivea men pack de 2 unidades de 200 ml.,"5,10 €","1,27 €/100ml",https://www.carrefour.es/supermercado/serum-antiencrespamiento-dream-long-pelo-largo-encrespado-loreal-elvive-100-ml/R-VC4AECOMM-443628/p
Perfumeria E Higiene,Dentífrico encías revitalizante fortificante Colgate 75 ml.,"4,20 €","5,60 €/100ml",https://www.carrefour.es/supermercado/serum-antiencrespamiento-dream-long-pelo-largo-encrespado-loreal-elvive-100-ml/R-VC4AECOMM-443628/p
Perfumeria E Higiene,Tinte creme nº 5 Castaño Claro L'Oréal Excellence 1 ud.,"7,95 €","7,95 €/ud",https://www.carrefour.es/supermercado/promocion?promoId=promof2530047
Perfumeria E Higiene,Jabón de manos para piel sensible zero % Sanex 300 ml.,"2,20 €","0,73 €/100ml",https://www.carrefour.es/supermercado/desodorante-en-spray-invisible-for-black-white-nivea-men-pack-de-2-unidades-de-200-ml/R-prod1070226/p
Perfumeria E Higiene,Champú purifica & hidrata para cabellos grasos Tresemmé 685 ml.,"4,95 €","0,72 €/100ml",https://www.carrefour.es/supermercado/desodorante-en-spray-invisible-for-black-white-nivea-men-pack-de-2-unidades-de-200-ml/R-prod1070226/p
Perfumeria E Higiene,Gel de ducha creme Soft Nivea 750 ml.,"3,15 €","0,42 €/100ml",https://www.carrefour.es/supermercado/promocion?promoId=promof2530011
Perfumeria E Higiene,Acondicionador rizos definidos Pantene 675 ml.,"6,82 €","1,01 €/100ml",https://www.carrefour.es/supermercado/dentifrico-encias-revitalizante-fortificante-colgate-75-ml/R-VC4AECOMM-443091/p
Perfumeria E Higiene,Mascarilla capilar reconstitución intensa Tesoros de Miel Original Remedies 300 ml.,"3,80 €","1,27 €/100ml",https://www.carrefour.es/supermercado/dentifrico-encias-revitalizante-fortificante-colgate-75-ml/R-VC4AECOMM-443091/p
Perfumeria E Higiene,Champú fortificante nutri rizos para cabellos rizado u ondulado Garnier Fructis 690 ml.,"5,95 €","0,86 €/100ml",https://www.carrefour.es/supermercado/tinte-creme-n-5-castano-claro-loreal-excellence-1-ud-loreal-excellence/R-520663541/p
Perfumeria E Higiene,Champú repara & fortalece con biotina & pro-bond complex repera 7 años en 1 uso Tresemmé 685 ml.,"5,25 €","0,77 €/100ml",https://www.carrefour.es/supermercado/tinte-creme-n-5-castano-claro-loreal-excellence-1-ud-loreal-excellence/R-520663541/p
Perfumeria E Higiene,Champú anticaspa + acondicionador Classic XXL H&S 1 l.,"10,15 €","1,02 €/100ml",https://www.carrefour.es/supermercado/jabon-de-manos-para-piel-sensible-zero-sanex-300-ml-sanex/R-prod71337/p
Perfumeria E Higiene,Aceite hidratante BB bajo la ducha Natural Honey 100 ml.,"1,61 €","1,61 €/100ml",https://www.carrefour.es/supermercado/jabon-de-manos-para-piel-sensible-zero-sanex-300-ml-sanex/R-prod71337/p
Perfumeria E Higiene,Desodorante roll-on unisex Lactovit 50 ml.,"1,72 €","3,44 €/100ml",https://www.carrefour.es/supermercado/champu-purifica-hidrata-para-cabellos-grasos-tresemme-685-ml/R-VC4AECOMM-479924/p
Perfumeria E Higiene,Protegeslip flexiform Carefree 30 ud.,"1,89 €","0,06 €/ud",https://www.carrefour.es/supermercado/champu-purifica-hidrata-para-cabellos-grasos-tresemme-685-ml/R-VC4AECOMM-479924/p
Perfumeria E Higiene,Champú Purificante Fresa blanca & menta dulce bío:renew Herbal Essences 400 ml.,"3,99 €","1,00 €/100ml",https://www.carrefour.es/supermercado/gel-de-ducha-creme-soft-nivea-750-ml-nivea/R-526413475/p
Perfumeria E Higiene,Mascarilla intensiva 3 en 1 macadamia alisadora para cabello seco y rebelde Garnier Fructis Hair Food 390 ml.,"4,50 €","1,15 €/100ml",https://www.carrefour.es/supermercado/gel-de-ducha-creme-soft-nivea-750-ml-nivea/R-526413475/p
Perfumeria E Higiene,Mascarilla capilar Reparadora Ultimate Repair para cabello muy dañado Gliss 300 ml.,"3,05 €","1,45 €/100ml",https://www.carrefour.es/supermercado/acondicionador-rizos-definidos-pantene-675-ml-pantene/R-730701866/p
Perfumeria E Higiene,Leche corporal hidratante con aceite de oliva para piel seca Nivea 400 ml.,"1,68 €","0,76 €/100ml",https://www.carrefour.es/supermercado/acondicionador-rizos-definidos-pantene-675-ml-pantene/R-730701866/p
Perfumeria E Higiene,Dentífrico carbón blanqueador Licor del Polo 75 ml.,"3,90 €","2,24 €/100ml",https://www.carrefour.es/supermercado/mascarilla-capilar-reconstitucion-intensa-tesoros-de-miel-original-remedies-300-ml-original-remedies/R-801580337/p
Perfumeria E Higiene,ACONDICIONA PANTENE LISO 300ML,"1,99 €","1,30 €/100ml",https://www.carrefour.es/supermercado/mascarilla-capilar-reconstitucion-intensa-tesoros-de-miel-original-remedies-300-ml-original-remedies/R-801580337/p
Perfumeria E Higiene,Desodorante roll-on anti irritaciones Lactovit 50 ml.,"4,37 €","3,98 €/100ml",https://www.carrefour.es/supermercado/promocion?promoId=promof2530013
Perfumeria E Higiene,Dentífrico blanqueador cristales blancos menta Max White Colgate pack de 2 unidades de 75 ml.,"4,65 €","3,10 €/100ml",https://www.carrefour.es/supermercado/dentifrico-blanqueador-cristales-blancos-menta-max-white-colgate-pack-de-2-unidades-de-75-ml/R-VC4AECOMM-497571/p
Perfumeria E Higiene,Seda dental total pro encías sanas interdental Colgate 50 metros.,"3,05 €","3,05 €/ud",https://www.carrefour.es/supermercado/dentifrico-blanqueador-cristales-blancos-menta-max-white-colgate-pack-de-2-unidades-de-75-ml/R-VC4AECOMM-497571/p
Perfumeria E Higiene,Desodorante roll-on anti manchas blancas con piedra de alumbre Natur Protect 50 ml.,"1,50 €","3,00 €/100ml",https://www.carrefour.es/supermercado/seda-dental-total-pro-encias-sanas-interdental-colgate-50-metros-colgate/R-526104381/p
Perfumeria E Higiene,Esponja rizo Carrefour 1 ud.,"0,50 €","0,50 €/ud",https://www.carrefour.es/supermercado/seda-dental-total-pro-encias-sanas-interdental-colgate-50-metros-colgate/R-526104381/p
Perfumeria E Higiene,Champú reconstructor para pelo largo y dañado dream long L'Oréal Elvive 690 ml.,"7,30 €","1,06 €/100ml",https://www.carrefour.es/supermercado/promocion?promoId=promof2530050
Perfumeria E Higiene,Aceite corporal aloe vera Carrefour 400 ml.,"1,65 €","0,41 €/100ml",https://www.carrefour.es/supermercado/desodorante-roll-on-anti-manchas-blancas-con-piedra-de-alumbre-natur-protect-50-ml-sanex/R-prod64006/p
Perfumeria E Higiene,Acondicionador para pelos dañados Repara & Protege 3 minutos Pro-V Pantene 200 ml.,"4,10 €","2,05 €/100ml",https://www.carrefour.es/supermercado/desodorante-roll-on-anti-manchas-blancas-con-piedra-de-alumbre-natur-protect-50-ml-sanex/R-prod64006/p
Perfumeria E Higiene,Colutorio 3D White Luxe Brillo Seductor Menta Fresca Oral-B 500 ml.,"4,63 €","0,93 €/100ml",https://www.carrefour.es/supermercado/promocion?promoId=promof2530012
Perfumeria E Higiene,Dentífrico blanqueador carbón Max White Colgate 75 ml.,"3,05 €","4,07 €/100ml",https://www.carrefour.es/supermercado/esponja-rizo-carrefour-1-ud-carrefour/R-fprod1280616/p
Perfumeria E Higiene,Gel de ducha en crema leche y miel NB Palmolive 1 l.,"3,10 €","0,31 €/100ml",https://www.carrefour.es/supermercado/esponja-rizo-carrefour-1-ud-carrefour/R-fprod1280616/p
Perfumeria E Higiene,Mascarilla capilar regeneradora Les Cosmétiques Kera Science 300 ml.,"1,60 €","0,53 €/100ml",https://www.carrefour.es/supermercado/champu-reconstructor-para-pelo-largo-y-danado-dream-long-loreal-elvive-690-ml/R-fprod1460491/p
Perfumeria E Higiene,Dentífrico niños sin fluor ecológico Neobio 50 ml.,"3,45 €","6,90 €/100ml",https://www.carrefour.es/supermercado/champu-reconstructor-para-pelo-largo-y-danado-dream-long-loreal-elvive-690-ml/R-fprod1460491/p
Perfumeria E Higiene,"Gel de ducha elixir de argan Natural Honey 1,5 l.","3,50 €","0,23 €/100ml",https://www.carrefour.es/supermercado/HuchaPromocion?promoId=huchaDisc420083
Perfumeria E Higiene,Champú repara y protege para cabellos débil o dañado Pantene 1000 ml.,"10,45 €","1,04 €/100ml",https://www.carrefour.es/supermercado/aceite-corporal-aloe-vera-carrefour-400-ml/R-VC4AECOMM-423607/p
Perfumeria E Higiene,Desodorante en spray extrem protect 72 h Byly 200 ml.,"2,90 €","1,45 €/100ml",https://www.carrefour.es/supermercado/aceite-corporal-aloe-vera-carrefour-400-ml/R-VC4AECOMM-423607/p
Perfumeria E Higiene,Protegeslip Tanga Carrefour 30 ud.,"1,15 €","0,04 €/ud",https://www.carrefour.es/supermercado/acondicionador-para-pelos-danados-repara-protege-3-minutos-pro-v-pantene-200-ml-pantene/R-prod381869/p
Perfumeria E Higiene,Gel de ducha cremoso berry delight Gourmet Palmolive 500 ml.,"3,00 €","0,60 €/100ml",https://www.carrefour.es/supermercado/acondicionador-para-pelos-danados-repara-protege-3-minutos-pro-v-pantene-200-ml-pantene/R-prod381869/p
Perfumeria E Higiene,Mascarilla capilar bálsamo nutritivo aceite extraordinario L'Oréal Elvive 300 ml.,"4,00 €","1,33 €/100ml",https://www.carrefour.es/supermercado/colutorio-3d-white-luxe-brillo-seductor-menta-fresca-oral-b-500-ml-oral-b/R-823819031/p
Perfumeria E Higiene,Champú Repara y Protege 3 en 1 Pantene 675 ml.,"7,25 €","1,07 €/100ml",https://www.carrefour.es/supermercado/colutorio-3d-white-luxe-brillo-seductor-menta-fresca-oral-b-500-ml-oral-b/R-823819031/p
Perfumeria E Higiene,Compresas con alas super Ausonia 12 ud.,"2,00 €","0,17 €/ud",https://www.carrefour.es/supermercado/dentifrico-blanqueador-carbon-max-white-colgate-75-ml-colgate/R-fprod1220104/p
Perfumeria E Higiene,GEL MAX EXTRAFUERTE GIORGI 250,"3,20 €","1,28 €/100ml",https://www.carrefour.es/supermercado/dentifrico-blanqueador-carbon-max-white-colgate-75-ml-colgate/R-fprod1220104/p
Perfumeria E Higiene,Dentífrico blanco polar Licor del Polo pack de 2 unidades de 75 ml.,"3,30 €","2,20 €/100ml",https://www.carrefour.es/supermercado/gel-de-ducha-en-crema-leche-y-miel-nb-palmolive-1-l-nb-palmolive/R-754516265/p
Perfumeria E Higiene,Gel de baño activo hidratante con 10% de urea pura Instituto Español 1250 ml.,"2,30 €","0,18 €/100ml",https://www.carrefour.es/supermercado/gel-de-ducha-en-crema-leche-y-miel-nb-palmolive-1-l-nb-palmolive/R-754516265/p
Perfumeria E Higiene,Dentífrico sensation blanqueador Colgate pack de 2 unidades de 75 ml.,"3,95 €","2,63 €/100ml",https://www.carrefour.es/supermercado/mascarilla-capilar-regeneradora-les-cosmetiques-kera-science-300-ml-les-cosmetiques-kera-science/R-657701793/p
Perfumeria E Higiene,Enjuague bucal blanqueador Carrefour 500 ml.,"1,37 €","0,27 €/100ml",https://www.carrefour.es/supermercado/enjuague-bucal-blanqueador-carrefour-500-ml-carrefour/R-706508537/p
Perfumeria E Higiene,Dentífrico Utraprotectora Signal pack de 2 unidades de 100 ml.,"2,80 €","1,40 €/100ml",https://www.carrefour.es/supermercado/enjuague-bucal-blanqueador-carrefour-500-ml-carrefour/R-706508537/p
Perfumeria E Higiene,Jabón de manos en pastilla suave no perfumado ecológico Carrefour 100 g.,"1,99 €","1,99 €/100g",https://www.carrefour.es/supermercado/dentifrico-utraprotectora-signal-pack-de-2-unidades-de-100-ml-signal/R-521035757/p
Perfumeria E Higiene,Cepillo dental para dientes sensibles repair & protect suave Sensodyne 1 ud.,"3,45 €","3,45 €/ud",https://www.carrefour.es/supermercado/dentifrico-utraprotectora-signal-pack-de-2-unidades-de-100-ml-signal/R-521035757/p
Perfumeria E Higiene,Bálsamo labial Original Liposan 1 ud.,"2,10 €","2,10 €/ud",https://www.carrefour.es/supermercado/jabon-de-manos-en-pastilla-suave-no-perfumado-ecologico-carrefour-100-g/R-VC4AECOMM-472097/p
Perfumeria E Higiene,Compresas extraplana Ausonia 18 ud.,"2,05 €","0,11 €/ud",https://www.carrefour.es/supermercado/jabon-de-manos-en-pastilla-suave-no-perfumado-ecologico-carrefour-100-g/R-VC4AECOMM-472097/p
Perfumeria E Higiene,Gel de ducha spa Natural Honey 650 ml.,"2,08 €","0,32 €/100ml",https://www.carrefour.es/supermercado/cepillo-dental-para-dientes-sensibles-repair-protect-suave-sensodyne-1-ud-sensodyne/R-867103121/p
Perfumeria E Higiene,Acondicionador Rizos Definidos Pro-V Pantene 300 ml.,"3,90 €","1,30 €/100ml",https://www.carrefour.es/supermercado/cepillo-dental-para-dientes-sensibles-repair-protect-suave-sensodyne-1-ud-sensodyne/R-867103121/p
Perfumeria E Higiene,Cepillo dental Complete medio Oral-B 1 ud.,"2,75 €","2,75 €/ud",https://www.carrefour.es/supermercado/balsamo-labial-original-liposan-1-ud-liposan/R-521001151/p
Perfumeria E Higiene,Espuma de afeitar con sales minerales y Pro-Vitamina B5 Classic La Toja 300 ml.,"2,35 €","0,78 €/100ml",https://www.carrefour.es/supermercado/balsamo-labial-original-liposan-1-ud-liposan/R-521001151/p
Perfumeria E Higiene,Desodorante en spray con perfume floral 200 ml.,"1,37 €","0,68 €/100ml",https://www.carrefour.es/supermercado/compresas-extraplana-ausonia-18-ud-ausonia/R-521000481/p
Perfumeria E Higiene,Desodorante roll-on Protege&Cuida Nivea Men 50 ml.,"1,85 €","3,70 €/100ml",https://www.carrefour.es/supermercado/compresas-extraplana-ausonia-18-ud-ausonia/R-521000481/p
Perfumeria E Higiene,Gel de ducha Frescor de Colonia Natural Honey 1500 ml.,"3,45 €","0,23 €/100ml",https://www.carrefour.es/supermercado/gel-de-ducha-spa-natural-honey-650-ml-natural-honey/R-526414135/p
Perfumeria E Higiene,Espuma de afeitar Sensitive cool Gillette 200 ml.,"2,40 €","0,96 €/100ml",https://www.carrefour.es/supermercado/gel-de-ducha-spa-natural-honey-650-ml-natural-honey/R-526414135/p
Perfumeria E Higiene,Recambio cepillo dental eléctrico Cross Action Oral-B 4 ud.,"22,20 €","5,55 €/ud",https://www.carrefour.es/supermercado/promocion?promoId=promof2530010
Perfumeria E Higiene,Protegeslip para incontinencia de orina ultra mini Discreet Tena 28 ud.,"3,08 €","0,11 €/ud",https://www.carrefour.es/supermercado/acondicionador-rizos-definidos-pro-v-pantene-300-ml-pantene/R-794720182/p
Perfumeria E Higiene,Acondicionador liso keratina con aceite marula hasta 72h control del escrespamiento Tresemmé 685 ml.,"5,25 €","0,77 €/100ml",https://www.carrefour.es/supermercado/acondicionador-rizos-definidos-pro-v-pantene-300-ml-pantene/R-794720182/p
Perfumeria E Higiene,Maquinillas desechables para mujer 2 hojas con cabezal pivotante Carrefour 10 ud.,"2,10 €","0,21 €/ud",https://www.carrefour.es/supermercado/cepillo-dental-complete-medio-oral-b-1-ud-oral-b/R-754402306/p
Perfumeria E Higiene,Quitaesmalte hidratante Cutex 200 ml.,"2,49 €","1,24 €/100ml",https://www.carrefour.es/supermercado/cepillo-dental-complete-medio-oral-b-1-ud-oral-b/R-754402306/p
Perfumeria E Higiene,Dentífrico anti-manchas Denivit 50 ml.,"1,85 €","3,70 €/100ml",https://www.carrefour.es/supermercado/espuma-de-afeitar-con-sales-minerales-y-pro-vitamina-b5-classic-la-toja-300-ml-la-toja/R-795705208/p
Perfumeria E Higiene,Crema facial de día antiarrugas+ firmeza FP15 Q10 Power Nivea 50 ml.,"8,15 €","16,30 €/100ml",https://www.carrefour.es/supermercado/espuma-de-afeitar-con-sales-minerales-y-pro-vitamina-b5-classic-la-toja-300-ml-la-toja/R-795705208/p
Perfumeria E Higiene,Champú reparador papaya Garnier 350 ml.,"4,50 €","1,29 €/100ml",https://www.carrefour.es/supermercado/HuchaPromocion?promoId=huchaDisc420107
Perfumeria E Higiene,Desodorante roll-on dermo 7 in1 protection 24h antitranspirante piel sana Sanex 50 ml.,"1,50 €","3,00 €/100ml",https://www.carrefour.es/supermercado/desodorante-en-spray-con-perfume-floral-200-ml-producto-blanco/R-805525735/p
Perfumeria E Higiene,Esponja de baño desechables Esponjabon 10 ud.,"1,13 €","0,11 €/ud",https://www.carrefour.es/supermercado/desodorante-en-spray-con-perfume-floral-200-ml-producto-blanco/R-805525735/p
Perfumeria E Higiene,Maquinilla afeitar desechable Extra II piel sensible Wilkinson 10 ud.,"5,55 €","0,55 €/ud",https://www.carrefour.es/supermercado/maquinilla-afeitar-desechable-extra-ii-piel-sensible-wilkinson-10-ud-wilkinson/R-521000892/p
Perfumeria E Higiene,Gel de ducha cuidado hidratante aloe vera y agua de abedul Dove 750 ml.,"3,60 €","0,48 €/100ml",https://www.carrefour.es/supermercado/maquinilla-afeitar-desechable-extra-ii-piel-sensible-wilkinson-10-ud-wilkinson/R-521000892/p
Perfumeria E Higiene,Gel hidroalcohólico 70% Sac 100 ml.,"1,92 €","1,92 €/100ml",https://www.carrefour.es/supermercado/gel-de-ducha-cuidado-hidratante-aloe-vera-y-agua-de-abedul-dove-750-ml/R-VC4AECOMM-488294/p
Perfumeria E Higiene,Desodorante roll-on anti-manchas invisible Dove 50 ml.,"1,75 €","3,50 €/100ml",https://www.carrefour.es/supermercado/gel-de-ducha-cuidado-hidratante-aloe-vera-y-agua-de-abedul-dove-750-ml/R-VC4AECOMM-488294/p
Perfumeria E Higiene,Champú albaricoque para niños Carrefour Kids 300 ml.,"1,65 €","0,55 €/100ml",https://www.carrefour.es/supermercado/HuchaPromocion?promoId=huchaDisc420090
Perfumeria E Higiene,"Crema de hombre para cara, cuerpo y manos Nivea 150 ml.","3,60 €","2,40 €/100ml",https://www.carrefour.es/supermercado/gel-hidroalcoholico-70-sac-100-ml/R-VC4AECOMM-505119/p
Perfumeria E Higiene,Aceite extraordinario tratamiento sublimador del cabello L'Oréal Elvive 100 ml.,"8,70 €","8,70 €/100ml",https://www.carrefour.es/supermercado/gel-hidroalcoholico-70-sac-100-ml/R-VC4AECOMM-505119/p
Perfumeria E Higiene,Mascarilla capilar con Keratina para pelo liso Tresemmé 300 ml.,"4,80 €","1,60 €/100ml",https://www.carrefour.es/supermercado/desodorante-roll-on-anti-manchas-invisible-dove-50-ml-dove/R-520664812/p
Perfumeria E Higiene,Mascarilla capilar 3 en 1 Hair Food Goji Reaviva brilo Para cabello teñido Garnier Fructis 390 ml.,"4,50 €","1,15 €/100ml",https://www.carrefour.es/supermercado/desodorante-roll-on-anti-manchas-invisible-dove-50-ml-dove/R-520664812/p
Perfumeria E Higiene,Vaselina perfumada Gal 15 g.,"2,10 €","2,10 €/ud",https://www.carrefour.es/supermercado/champu-albaricoque-para-ninos-carrefour-kids-300-ml-carrefour-kids/R-768101403/p
Perfumeria E Higiene,Acetona pura para las uñas Babaria 200 ml.,"1,72 €","0,86 €/100ml",https://www.carrefour.es/supermercado/champu-albaricoque-para-ninos-carrefour-kids-300-ml-carrefour-kids/R-768101403/p
Perfumeria E Higiene,Acondicionador suave y liso para cabello encrespado o apagado Pantene 675 ml.,"6,82 €","1,01 €/100ml",https://www.carrefour.es/supermercado/crema-de-hombre-para-cara-cuerpo-y-manos-nivea-150-ml-nivea/R-798285026/p
Perfumeria E Higiene,Protegeslip Maxi Ausonia 30 ud.,"1,67 €","0,06 €/ud",https://www.carrefour.es/supermercado/crema-de-hombre-para-cara-cuerpo-y-manos-nivea-150-ml-nivea/R-798285026/p
Perfumeria E Higiene,Champú anticaspa efecto refrescante Menthol Fresh H&S 700 ml.,"6,82 €","0,97 €/100ml",https://www.carrefour.es/supermercado/aceite-extraordinario-tratamiento-sublimador-del-cabello-loreal-elvive-100-ml-loreal-elvive/R-665402058/p
Perfumeria E Higiene,Acondicionador Arcilla Extraordinario para cabello normal L'Oréal-Elvive 300 ml.,"4,00 €","1,33 €/100ml",https://www.carrefour.es/supermercado/aceite-extraordinario-tratamiento-sublimador-del-cabello-loreal-elvive-100-ml-loreal-elvive/R-665402058/p
Perfumeria E Higiene,Champú Ultimate Repair para cabello muy dañado Gliss 650 ml.,"3,80 €","0,85 €/100ml",https://www.carrefour.es/supermercado/promocion?promoId=promof2530047
Perfumeria E Higiene,Mascarilla capilar Nutri Repair Butter para cabello muy seco Garnier Fructis 300 ml.,"3,50 €","1,27 €/100ml",https://www.carrefour.es/supermercado/mascarilla-capilar-con-keratina-para-pelo-liso-tresemme-300-ml-tresemme/R-713822788/p
Perfumeria E Higiene,Gel de ducha hidratante con minerales exfoliantes Dove 500 ml,"4,00 €","0,70 €/100ml",https://www.carrefour.es/supermercado/mascarilla-capilar-con-keratina-para-pelo-liso-tresemme-300-ml-tresemme/R-713822788/p
Perfumeria E Higiene,Champú anticaspa Men ultra Total Care con minerales marinos H&S 300 ml.,"12,45 €","1,33 €/100ml",https://www.carrefour.es/supermercado/mascarilla-capilar-3-en-1-hair-food-goji-reaviva-brilo-para-cabello-tenido-garnier-fructis-390-ml-garnier-fructis/R-prod650227/p
Perfumeria E Higiene,Recambio cepillo dental eléctrico Cross Action Oral-B 2 ud.,"4,00 €","6,22 €/ud",https://www.carrefour.es/supermercado/mascarilla-capilar-3-en-1-hair-food-goji-reaviva-brilo-para-cabello-tenido-garnier-fructis-390-ml-garnier-fructis/R-prod650227/p
Perfumeria E Higiene,Champú anti-caspa Nutre & Cuida H&S 360 ml.,"3,21 €","1,11 €/100ml",https://www.carrefour.es/supermercado/vaselina-perfumada-gal-15-g-gal/R-521001153/p
Perfumeria E Higiene,Dentífrico intensivo 3D White Luxe Oral-B 75 ml.,"3,51 €","4,28 €/100ml",https://www.carrefour.es/supermercado/vaselina-perfumada-gal-15-g-gal/R-521001153/p
Perfumeria E Higiene,Champú + serum anti-edad BB7 Pantene 360 ml.,"4,80 €","0,97 €/100ml",https://www.carrefour.es/supermercado/acetona-pura-para-las-unas-babaria-200-ml-babaria/R-prod971546/p
Perfumeria E Higiene,Jabón de manos en pastilla de Marsella con oliva y limón Les Cosmétiques Néctar of Beauty 2 ud.,"1,18 €","0,39 €/100ml",https://www.carrefour.es/supermercado/jabon-de-manos-en-pastilla-de-marsella-con-oliva-y-limon-les-cosmetiques-nectar-of-beauty-2-ud-les-cosmetiques-nectar-of-beauty/R-733759713/p
Perfumeria E Higiene,Leche corporal hidratación bajo la ducha triple acción Nivea 400 ml.,"4,67 €","1,17 €/100ml",https://www.carrefour.es/supermercado/jabon-de-manos-en-pastilla-de-marsella-con-oliva-y-limon-les-cosmetiques-nectar-of-beauty-2-ud-les-cosmetiques-nectar-of-beauty/R-733759713/p
Perfumeria E Higiene,Crema facial de noche anti-arrugas + firmeza Q10 Power Nivea 50 ml.,"8,15 €","16,30 €/100ml",https://www.carrefour.es/supermercado/leche-corporal-hidratacion-bajo-la-ducha-triple-accion-nivea-400-ml-nivea/R-754402372/p
Perfumeria E Higiene,DEO CLEAN COMFO MEN DOVE SP200,"3,26 €","1,63 €/100ml",https://www.carrefour.es/supermercado/leche-corporal-hidratacion-bajo-la-ducha-triple-accion-nivea-400-ml-nivea/R-754402372/p
Perfumeria E Higiene,Protegeslip maxi Carefree 64 ud.,"3,50 €","0,05 €/ud",https://www.carrefour.es/supermercado/crema-facial-de-noche-anti-arrugas-firmeza-q10-power-nivea-50-ml-nivea/R-520663953/p
Perfumeria E Higiene,Espuma de afeitar dermoprotect para todo tipo de pieles Amalfi 335 ml.,"1,06 €","0,32 €/100ml",https://www.carrefour.es/supermercado/crema-facial-de-noche-anti-arrugas-firmeza-q10-power-nivea-50-ml-nivea/R-520663953/p
Perfumeria E Higiene,Dentífrico blanqueador Smile for good Colgate 75 ml.,"3,70 €","4,93 €/100ml",https://www.carrefour.es/supermercado/deo-clean-comfo-men-dove-sp200-dove/R-526501038/p
Perfumeria E Higiene,Preservativos sensación piel con piel Durex 12 ud.,"10,45 €","0,87 €/ud",https://www.carrefour.es/supermercado/deo-clean-comfo-men-dove-sp200-dove/R-526501038/p
Perfumeria E Higiene,Champú fortificante Fuerza y Brillo 2 en 1 para cabello normal Garnier-Fructis 360 ml.,"3,59 €","1,00 €/100ml",https://www.carrefour.es/supermercado/protegeslip-maxi-carefree-64-ud-carefree/R-prod64101/p
Perfumeria E Higiene,Champú suave para piel sensible con caléndula Baby Corine de Farme 750 ml.,"2,95 €","0,39 €/100ml",https://www.carrefour.es/supermercado/protegeslip-maxi-carefree-64-ud-carefree/R-prod64101/p
Perfumeria E Higiene,Champú fortificante adiós daños para cabello dañado Garnier Fructis 690 ml.,"5,95 €","0,86 €/100ml",https://www.carrefour.es/supermercado/promocion?promoId=promof2530017
Perfumeria E Higiene,Enjuague bucal Cuidado Total zero Listerine 500 ml.,"5,40 €","1,08 €/100ml",https://www.carrefour.es/supermercado/espuma-de-afeitar-dermoprotect-para-todo-tipo-de-pieles-amalfi-335-ml/R-prod66718/p
Perfumeria E Higiene,Crema suavizante suaviza y desenreda Nelly 1000 ml.,"2,30 €","0,23 €/100ml",https://www.carrefour.es/supermercado/espuma-de-afeitar-dermoprotect-para-todo-tipo-de-pieles-amalfi-335-ml/R-prod66718/p
Perfumeria E Higiene,Quitaesmalte Babaria 200 ml.,"1,40 €","0,70 €/100ml",https://www.carrefour.es/supermercado/dentifrico-blanqueador-smile-for-good-colgate-75-ml/R-VC4AECOMM-443248/p
Perfumeria E Higiene,Gel íntimo antibacteriano Chilly 250 ml.,"3,70 €","1,48 €/100ml",https://www.carrefour.es/supermercado/dentifrico-blanqueador-smile-for-good-colgate-75-ml/R-VC4AECOMM-443248/p
Perfumeria E Higiene,Tampones superplus ProComfort O.B. 32 ud.,"1,78 €","0,16 €/ud",https://www.carrefour.es/supermercado/preservativos-sensacion-piel-con-piel-durex-12-ud/R-VC4AECOMM-487579/p
Perfumeria E Higiene,Lima fibra vidreo Beter 1 ud.,"5,87 €","1,78 €/ud",https://www.carrefour.es/supermercado/preservativos-sensacion-piel-con-piel-durex-12-ud/R-VC4AECOMM-487579/p
Perfumeria E Higiene,Champú Aqua Light Pantene 700 ml.,"6,35 €","0,84 €/100ml",https://www.carrefour.es/supermercado/champu-fortificante-fuerza-y-brillo-2-en-1-para-cabello-normal-garnier-fructis-360-ml-garnier-fructis/R-prod64580/p
Perfumeria E Higiene,Compresas para pérdidas de orina extra Ausonia Discreet 20 ud.,"3,20 €","0,32 €/ud",https://www.carrefour.es/supermercado/champu-fortificante-fuerza-y-brillo-2-en-1-para-cabello-normal-garnier-fructis-360-ml-garnier-fructis/R-prod64580/p
Perfumeria E Higiene,Compresas de noche ultra con alas Cotton protection Ausonia 9 ud.,"6,35 €","0,36 €/ud",https://www.carrefour.es/supermercado/champu-suave-para-piel-sensible-con-calendula-baby-corine-de-farme-750-ml-corine-de-farme/R-698405557/p
Perfumeria E Higiene,Tinte 5.0 Castaño Claro Garnier Olia 1 ud.,"3,80 €","6,35 €/ud",https://www.carrefour.es/supermercado/champu-suave-para-piel-sensible-con-calendula-baby-corine-de-farme-750-ml-corine-de-farme/R-698405557/p
Perfumeria E Higiene,Mascarilla capilar antiencrespamiento con aceite de aguacate y manteca de karité Garnier Original Remedies 300 ml.,"7,15 €","1,27 €/100ml",https://www.carrefour.es/supermercado/champu-fortificante-adios-danos-para-cabello-danado-garnier-fructis-690-ml/R-fprod1460456/p
Perfumeria E Higiene,Agua de colonia Gotas Frescas Instituto Español 750 ml.,"1,28 €","0,95 €/100ml",https://www.carrefour.es/supermercado/champu-fortificante-adios-danos-para-cabello-danado-garnier-fructis-690-ml/R-fprod1460456/p
Perfumeria E Higiene,Cepillo de dietes junior trolls Colgate 2 ud.,"2,80 €","2,80 €/ud",https://www.carrefour.es/supermercado/cepillo-de-dietes-junior-trolls-colgate-2-ud-colgate/R-521000441/p
Perfumeria E Higiene,Bomba de sal IDC Institute 1 ud.,"1,71 €","1,22 €/100g",https://www.carrefour.es/supermercado/cepillo-de-dietes-junior-trolls-colgate-2-ud-colgate/R-521000441/p
Perfumeria E Higiene,Desodorante roll-on piel normal con piedra de alumbre natur protect Sanex pack de 2 unidades de 50 ml.,"3,35 €","3,35 €/100ml",https://www.carrefour.es/supermercado/bomba-de-sal-idc-institute-1-ud-idc-institute/R-fprod1190700/p
Perfumeria E Higiene,Gel de ducha frutal Carrefour 750 ml.,"1,24 €","0,17 €/100ml",https://www.carrefour.es/supermercado/bomba-de-sal-idc-institute-1-ud-idc-institute/R-fprod1190700/p
Perfumeria E Higiene,Champú fortificante Crece Fuerte para cabello frágil Garnier-Fructis 360 ml.,"3,59 €","1,00 €/100ml",https://www.carrefour.es/supermercado/desodorante-roll-on-piel-normal-con-piedra-de-alumbre-natur-protect-sanex-pack-de-2-unidades-de-50-ml-sanex/R-prod300447/p
Perfumeria E Higiene,Crema corporal reafirmante Q10 Carrefour 400 ml.,"1,95 €","0,49 €/100ml",https://www.carrefour.es/supermercado/desodorante-roll-on-piel-normal-con-piedra-de-alumbre-natur-protect-sanex-pack-de-2-unidades-de-50-ml-sanex/R-prod300447/p
Perfumeria E Higiene,Crema corporal Rosa Mosqueta pieles secas Carrefour 200 ml.,"1,70 €","0,85 €/100ml",https://www.carrefour.es/supermercado/promocion?promoId=promof2530012
Perfumeria E Higiene,Esponja de baño jabonosa Carrefour 10 ud.,"1,10 €","0,11 €/ud",https://www.carrefour.es/supermercado/gel-de-ducha-frutal-carrefour-750-ml-carrefour/R-prod1070636/p
Perfumeria E Higiene,Crema suavizante para cabello seco Revlon Flex 650 ml.,"3,10 €","0,48 €/100ml",https://www.carrefour.es/supermercado/gel-de-ducha-frutal-carrefour-750-ml-carrefour/R-prod1070636/p
Perfumeria E Higiene,Jabón de manos sweet vanilla IDC Institute 500 ml.,"2,65 €","0,53 €/100ml",https://www.carrefour.es/supermercado/champu-fortificante-crece-fuerte-para-cabello-fragil-garnier-fructis-360-ml-garnier-fructis/R-prod64615/p
Perfumeria E Higiene,Compresas Canales Noche Carrefour 10 ud.,"1,45 €","0,14 €/ud",https://www.carrefour.es/supermercado/champu-fortificante-crece-fuerte-para-cabello-fragil-garnier-fructis-360-ml-garnier-fructis/R-prod64615/p
Perfumeria E Higiene,Desodorante en spray Marine Axe 150 ml.,"2,00 €","1,33 €/100ml",https://www.carrefour.es/supermercado/crema-corporal-reafirmante-q10-carrefour-400-ml-carrefour/R-fprod1470204/p
Perfumeria E Higiene,Jabón de manos lavanda IDC 500 ml.,"2,65 €","0,53 €/100ml",https://www.carrefour.es/supermercado/crema-corporal-reafirmante-q10-carrefour-400-ml-carrefour/R-fprod1470204/p
Perfumeria E Higiene,Champú seco limpia el cabello sin mojarse Carrefour 150 ml.,"2,10 €","1,40 €/100ml",https://www.carrefour.es/supermercado/crema-corporal-rosa-mosqueta-pieles-secas-carrefour-200-ml-carrefour/R-prod372160/p
Perfumeria E Higiene,Loción corporal hidratante para piel normal y seca Natural Honey 700 ml.,"2,00 €","0,71 €/100ml",https://www.carrefour.es/supermercado/crema-corporal-rosa-mosqueta-pieles-secas-carrefour-200-ml-carrefour/R-prod372160/p
Perfumeria E Higiene,Crema lata Nivea 75 ml.,"3,50 €","2,67 €/100ml",https://www.carrefour.es/supermercado/esponja-de-bano-jabonosa-carrefour-10-ud/R-VC4AECOMM-443083/p
Perfumeria E Higiene,Tampones regular pearl compak Tampax 16 ud.,"3,99 €","0,22 €/ud",https://www.carrefour.es/supermercado/esponja-de-bano-jabonosa-carrefour-10-ud/R-VC4AECOMM-443083/p
Perfumeria E Higiene,Acondicionador repara aceite de argán de marruecos bío:renew Herbal Essences 400 ml.,"5,87 €","1,00 €/100ml",https://www.carrefour.es/supermercado/crema-suavizante-para-cabello-seco-revlon-flex-650-ml-flex/R-520663341/p
Perfumeria E Higiene,Champú purificante Pantene 700 ml.,"3,05 €","0,84 €/100ml",https://www.carrefour.es/supermercado/crema-suavizante-para-cabello-seco-revlon-flex-650-ml-flex/R-520663341/p
Perfumeria E Higiene,Gel de ducha con karité Dove 500 ml.,"1,34 €","0,61 €/100ml",https://www.carrefour.es/supermercado/jabon-de-manos-sweet-vanilla-idc-institute-500-ml-idc-institute/R-prod71064/p
Perfumeria E Higiene,Compresas noche Teen Carrefour 12 ud.,"12,00 €","0,11 €/ud",https://www.carrefour.es/supermercado/jabon-de-manos-sweet-vanilla-idc-institute-500-ml-idc-institute/R-prod71064/p
Perfumeria E Higiene,Preservativos nature Control 24 ud.,"9,80 €","0,50 €/ud",https://www.carrefour.es/supermercado/compresas-canales-noche-carrefour-10-ud-carrefour/R-521000479/p
Perfumeria E Higiene,Pants de noche talla grande Absodys Carrefour 14 ud.,"0,61 €","0,70 €/ud",https://www.carrefour.es/supermercado/compresas-canales-noche-carrefour-10-ud-carrefour/R-521000479/p
Perfumeria E Higiene,Acondicionador bifásico Nelly 400 ml.,"3,30 €","0,82 €/100ml",https://www.carrefour.es/supermercado/acondicionador-bifasico-nelly-400-ml-nelly/R-prod68487/p
Perfumeria E Higiene,Compresas para incontinencia de orina normal discreet Tena 24 ud.,"1,93 €","0,25 €/ud",https://www.carrefour.es/supermercado/acondicionador-bifasico-nelly-400-ml-nelly/R-prod68487/p
Perfumeria E Higiene,Toallitas desmaquillantes suaves Nectar of Bio 25 ud.,"2,10 €","0,08 €/ud",https://www.carrefour.es/supermercado/compresas-para-incontinencia-de-orina-normal-discreet-tena-24-ud-tena-lady/R-521000597/p
Perfumeria E Higiene,Guante de crin Carrefour 1 ud.,"3,75 €","2,10 €/ud",https://www.carrefour.es/supermercado/compresas-para-incontinencia-de-orina-normal-discreet-tena-24-ud-tena-lady/R-521000597/p
Perfumeria E Higiene,Crema de manos antiedad Nivea Q10 100 ml.,"2,85 €","3,75 €/100ml",https://www.carrefour.es/supermercado/promocion?promoId=promof2530015
Perfumeria E Higiene,Gel de ducha dark temptation Axe 400 ml.,"1,93 €","0,71 €/100ml",https://www.carrefour.es/supermercado/toallitas-desmaquillantes-suaves-nectar-of-bio-25-ud/R-VC4AECOMM-441301/p
Perfumeria E Higiene,DEO COOL FRESH MEN DOVE ROLL50,"1,28 €","3,86 €/100ml",https://www.carrefour.es/supermercado/toallitas-desmaquillantes-suaves-nectar-of-bio-25-ud/R-VC4AECOMM-441301/p
Perfumeria E Higiene,Cepillo interdental fino Carrefour 5 ud.,"1,61 €","0,26 €/ud",https://www.carrefour.es/supermercado/guante-de-crin-carrefour-1-ud-carrefour/R-fprod1280748/p
Perfumeria E Higiene,Protegeslip & tanga negro Carrefour 28 ud.,"3,30 €","0,06 €/ud",https://www.carrefour.es/supermercado/guante-de-crin-carrefour-1-ud-carrefour/R-fprod1280748/p
Perfumeria E Higiene,Desodorante en spray Zero 0% extra control protección 48H Sanex 200 ml.,"2,30 €","1,65 €/100ml",https://www.carrefour.es/supermercado/crema-de-manos-antiedad-nivea-q10-100-ml/R-VC4AECOMM-437984/p
Perfumeria E Higiene,Mascarilla hidratante calmante Hydra Bomb Garnier-Skin Active 1 ud.,"2,30 €","7,19 €/100g",https://www.carrefour.es/supermercado/crema-de-manos-antiedad-nivea-q10-100-ml/R-VC4AECOMM-437984/p
Perfumeria E Higiene,Bálsamo labial hidratante Carrefour 2 ud.,"3,70 €","1,15 €/ud",https://www.carrefour.es/supermercado/gel-de-ducha-dark-temptation-axe-400-ml-axe/R-589801644/p
Perfumeria E Higiene,Acondicionador fortificante liso & brillo con aceite de argán para cabello rebelde y dificil de alisar Garnier Fructis 300 ml.,"3,70 €","1,23 €/100ml",https://www.carrefour.es/supermercado/gel-de-ducha-dark-temptation-axe-400-ml-axe/R-589801644/p
Perfumeria E Higiene,Dentífrico de romero sin flúor ecológico Neobio 75 ml.,"3,40 €","4,93 €/100ml",https://www.carrefour.es/supermercado/deo-cool-fresh-men-dove-roll50-dove/R-543602046/p
Perfumeria E Higiene,Desodorante stick original anti-transpirante 0% alcohol Dove 40 ml.,"1,23 €","8,50 €/100ml",https://www.carrefour.es/supermercado/deo-cool-fresh-men-dove-roll50-dove/R-543602046/p
Perfumeria E Higiene,Gel de ducha de coco addiction Natural Honey 75 ml.,"3,59 €","1,64 €/100ml",https://www.carrefour.es/supermercado/cepillo-interdental-fino-carrefour-5-ud-carrefour/R-555105987/p
Perfumeria E Higiene,Champú fortificante Aloe Hydra Bomb hidrata y suaviza Garnier-Fructis 360 g.,"6,90 €","1,00 €/100ml",https://www.carrefour.es/supermercado/cepillo-interdental-fino-carrefour-5-ud-carrefour/R-555105987/p
Perfumeria E Higiene,Preservativos dame placer Durex 12 ud.,"3,29 €","0,58 €/ud",https://www.carrefour.es/supermercado/protegeslip-tanga-negro-carrefour-28-ud-carrefour/R-848500340/p
Perfumeria E Higiene,Mascarilla instantánea Dream Long Rapid Reviver pelo largo y dañado L'Oréal-Elvive 180 ml.,"1,58 €","2,11 €/100ml",https://www.carrefour.es/supermercado/protegeslip-tanga-negro-carrefour-28-ud-carrefour/R-848500340/p
Perfumeria E Higiene,Mascarilla capilar intensa nutrición extrema con aceite de oliva virgen Ganier Original Remedies 300 ml.,"2,88 €","1,18 €/100ml",https://www.carrefour.es/supermercado/desodorante-en-spray-zero-0-extra-control-proteccion-48h-sanex-200-ml-sanex/R-fprod1260022/p
Perfumeria E Higiene,Laca fijadora flexible extra-fuerte Sunsilk 400 ml.,"2,60 €","0,65 €/100ml",https://www.carrefour.es/supermercado/laca-fijadora-flexible-extra-fuerte-sunsilk-400-ml-sunsilk/R-520663405/p
Perfumeria E Higiene,Desodorante pies Babaria 150 ml.,"2,20 €","1,47 €/100ml",https://www.carrefour.es/supermercado/laca-fijadora-flexible-extra-fuerte-sunsilk-400-ml-sunsilk/R-520663405/p
Perfumeria E Higiene,Desodorante roll-on aloe vera Babaria 75 ml.,"1,71 €","2,28 €/100ml",https://www.carrefour.es/supermercado/desodorante-pies-babaria-150-ml-babaria/R-693401727/p
Perfumeria E Higiene,"Cepillo interdental 1,8mm Carrefour 5 ud.","1,28 €","0,26 €/ud",https://www.carrefour.es/supermercado/desodorante-pies-babaria-150-ml-babaria/R-693401727/p
Perfumeria E Higiene,Cepillo dental para dientes de leche de 0-6 años Binaca 1 ud.,"3,05 €","3,05 €/ud",https://www.carrefour.es/supermercado/desodorante-roll-on-aloe-vera-babaria-75-ml-babaria/R-536500329/p
Perfumeria E Higiene,Esponja dermomasaje exfoliación Regeneración Carrefour 1 ud.,"1,61 €","1,61 €/ud",https://www.carrefour.es/supermercado/desodorante-roll-on-aloe-vera-babaria-75-ml-babaria/R-536500329/p
Perfumeria E Higiene,Compresas Fina y segura maxi/super con alas Evax 11 ud.,"1,83 €","0,17 €/ud",https://www.carrefour.es/supermercado/cepillo-interdental-1-8mm-carrefour-5-ud-carrefour/R-756361226/p
Perfumeria E Higiene,Champú fortificante Revlon Flex 650 ml.,"3,10 €","0,48 €/100ml",https://www.carrefour.es/supermercado/cepillo-interdental-1-8mm-carrefour-5-ud-carrefour/R-756361226/p
Perfumeria E Higiene,Champú anticaspa para cabello graso Citrus Fresh K&S 1000 ml.,"9,80 €","0,98 €/100ml",https://www.carrefour.es/supermercado/cepillo-dental-para-dientes-de-leche-de-0-6-anos-binaca-1-ud-binaca/R-521000459/p
Perfumeria E Higiene,Gel íntimo sensitive Pharmaline 250 ml.,"3,75 €","1,50 €/100ml",https://www.carrefour.es/supermercado/cepillo-dental-para-dientes-de-leche-de-0-6-anos-binaca-1-ud-binaca/R-521000459/p
Perfumeria E Higiene,Champú de cebolla antioxidante Babaria 600 ml.,"2,59 €","0,43 €/100ml",https://www.carrefour.es/supermercado/promocion?promoId=promof2530018
Perfumeria E Higiene,Tinte 4.15 Chocolate Garnier Olia 1 ud.,"6,35 €","6,35 €/ud",https://www.carrefour.es/supermercado/esponja-dermomasaje-exfoliacion-regeneracion-carrefour-1-ud-carrefour/R-fprod1280754/p
Perfumeria E Higiene,Compresas incontinencia maxi Carrefour 16 ud.,"2,99 €","0,19 €/ud",https://www.carrefour.es/supermercado/esponja-dermomasaje-exfoliacion-regeneracion-carrefour-1-ud-carrefour/R-fprod1280754/p
Perfumeria E Higiene,Protegeslip normal 50 ud.,"0,90 €","0,02 €/ud",https://www.carrefour.es/supermercado/compresas-fina-y-segura-maxi-super-con-alas-evax-11-ud-evax/R-prod870924/p
Perfumeria E Higiene,Gel exfoliante Pure Active Fruit Energy Garnier-Skin Naturals 150 ml.,"4,25 €","2,83 €/100ml",https://www.carrefour.es/supermercado/compresas-fina-y-segura-maxi-super-con-alas-evax-11-ud-evax/R-prod870924/p
Perfumeria E Higiene,Gel de ducha con sales minerales yogur griego piel cuidada La Toja 550 ml.,"2,00 €","0,36 €/100ml",https://www.carrefour.es/supermercado/promocion?promoId=promof2530048
Perfumeria E Higiene,Champú fortificante Pure Fresh Menta Refrescante Anticaspa Garnier-Fructis 360 ml.,"3,59 €","1,00 €/100ml",https://www.carrefour.es/supermercado/champu-fortificante-revlon-flex-650-ml-flex/R-520663149/p
Perfumeria E Higiene,Champú reparador para cabellos dañados total repair 5 L'Oréal-Elvive 690 ml.,"7,30 €","1,06 €/100ml",https://www.carrefour.es/supermercado/champu-fortificante-revlon-flex-650-ml-flex/R-520663149/p
Perfumeria E Higiene,Champú suave calmante con crema de arroz y leche de avena Original Remedies 600 ml.,"5,75 €","0,96 €/100ml",https://www.carrefour.es/supermercado/champu-anticaspa-para-cabello-graso-citrus-fresh-ks-1000-ml/R-VC4AECOMM-445271/p
Perfumeria E Higiene,Desodorante en spray Dry Impact Nivea Men 250 ml.,"4,25 €","1,70 €/100ml",https://www.carrefour.es/supermercado/champu-anticaspa-para-cabello-graso-citrus-fresh-ks-1000-ml/R-VC4AECOMM-445271/p
Perfumeria E Higiene,Crema reafirmante corporal con vitamina E aloe vera Babaria 500 ml.,"2,40 €","0,48 €/100ml",https://www.carrefour.es/supermercado/gel-intimo-sensitive-pharmaline-250-ml-pharmaline/R-739835419/p
Perfumeria E Higiene,Compresas Cottonlike super con alas Evax 12 ud.,"2,32 €","0,19 €/ud",https://www.carrefour.es/supermercado/gel-intimo-sensitive-pharmaline-250-ml-pharmaline/R-739835419/p
Perfumeria E Higiene,Desodorante en spray organic fresh con menta y te verde ecológico Byly 200 ml.,"4,40 €","1,40 €/100ml",https://www.carrefour.es/supermercado/champu-de-cebolla-antioxidante-babaria-600-ml-babaria/R-812700247/p
Perfumeria E Higiene,Champú revitalizante con miel de mil flores Les Cosmétiques -Nectar of Beauty 500 ml.,"1,99 €","0,40 €/100ml",https://www.carrefour.es/supermercado/champu-revitalizante-con-miel-de-mil-flores-les-cosmetiques-nectar-of-beauty-500-ml-les-cosmetiques-nectar-of-beauty/R-prod740102/p
Perfumeria E Higiene,Bandas de cera depilatoria para rostro aroma almendra Body natur 12 ud.,"1,50 €","0,12 €/ud",https://www.carrefour.es/supermercado/champu-revitalizante-con-miel-de-mil-flores-les-cosmetiques-nectar-of-beauty-500-ml-les-cosmetiques-nectar-of-beauty/R-prod740102/p
Perfumeria E Higiene,Desodorante roll-on active control men Sanex 50 ml.,"1,75 €","3,50 €/100ml",https://www.carrefour.es/supermercado/bandas-de-cera-depilatoria-para-rostro-aroma-almendra-body-natur-12-ud-body-natur/R-prod770061/p
Perfumeria E Higiene,Toallitas desmaquillantes suaves para pieles secas y sensibles con extracto de rosa Ganier 25 ud.,"2,30 €","0,09 €/ud",https://www.carrefour.es/supermercado/bandas-de-cera-depilatoria-para-rostro-aroma-almendra-body-natur-12-ud-body-natur/R-prod770061/p
Perfumeria E Higiene,Dentífrico sensibilidad y encías blanqueador Sensodyne 75 ml.,"4,15 €","5,53 €/100ml",https://www.carrefour.es/supermercado/desodorante-roll-on-active-control-men-sanex-50-ml-sanex-men/R-780796839/p
Perfumeria E Higiene,Gel de ducha hidratante colonia Carrefour 750 ml.,"1,24 €","0,17 €/100ml",https://www.carrefour.es/supermercado/desodorante-roll-on-active-control-men-sanex-50-ml-sanex-men/R-780796839/p
Perfumeria E Higiene,Quitaesmalte con glicerina express Carrefour 200 ml.,"1,20 €","0,60 €/100ml",https://www.carrefour.es/supermercado/promocion?promoId=promof2530012
Perfumeria E Higiene,Desodorante en spray Black Axe 150 ml.,"2,00 €","1,33 €/100ml",https://www.carrefour.es/supermercado/toallitas-desmaquillantes-suaves-para-pieles-secas-y-sensibles-con-extracto-de-rosa-ganier-25-ud/R-VC4AECOMM-492788/p
Perfumeria E Higiene,After shave loción Williams 200 ml.,"3,70 €","1,85 €/100ml",https://www.carrefour.es/supermercado/toallitas-desmaquillantes-suaves-para-pieles-secas-y-sensibles-con-extracto-de-rosa-ganier-25-ud/R-VC4AECOMM-492788/p
Perfumeria E Higiene,Goma de pelo negra básica Ponette 6 ud.,"1,06 €","0,18 €/ud",https://www.carrefour.es/supermercado/dentifrico-sensibilidad-y-encias-blanqueador-sensodyne-75-ml-sensodyne/R-prod1020159/p
Perfumeria E Higiene,Champú anticaída para cabellos normales Natur Vital 300 ml.,"3,95 €","1,32 €/100ml",https://www.carrefour.es/supermercado/dentifrico-sensibilidad-y-encias-blanqueador-sensodyne-75-ml-sensodyne/R-prod1020159/p
Perfumeria E Higiene,Toallitas íntimas con Aloe Carefree 20 ud.,"2,85 €","0,14 €/ud",https://www.carrefour.es/supermercado/gel-de-ducha-hidratante-colonia-carrefour-750-ml-carrefour/R-prod1070618/p
Perfumeria E Higiene,Gel de afeitar pieles sensibles 2 en 1 cool & fresh Fusion ProGlide Gillette 170 ml.,"5,48 €","3,22 €/100ml",https://www.carrefour.es/supermercado/gel-de-ducha-hidratante-colonia-carrefour-750-ml-carrefour/R-prod1070618/p
Perfumeria E Higiene,Dentífrico placa bacteriana 12h de protección Colgate Total 75 ml.,"2,10 €","2,80 €/100ml",https://www.carrefour.es/supermercado/quitaesmalte-con-glicerina-express-carrefour-200-ml-carrefour/R-785317944/p
Perfumeria E Higiene,Desodorante roll-on dermo invisible Sanex 45 ml.,"1,75 €","3,89 €/100ml",https://www.carrefour.es/supermercado/quitaesmalte-con-glicerina-express-carrefour-200-ml-carrefour/R-785317944/p
Perfumeria E Higiene,Desodorante en spray Invisible on Black and White Clothes Rexona 250 ml.,"2,85 €","1,14 €/100ml",https://www.carrefour.es/supermercado/desodorante-en-spray-black-axe-150-ml-axe/R-792742802/p
Perfumeria E Higiene,Dentífrico white 2 en 1 Dentalyss 100 ml.,"0,61 €","0,61 €/100ml",https://www.carrefour.es/supermercado/desodorante-en-spray-black-axe-150-ml-axe/R-792742802/p
Perfumeria E Higiene,Crema de manos nutritiva para pieles maduras y secas Q10 Carrefour 100 ml.,"1,50 €","1,50 €/100ml",https://www.carrefour.es/supermercado/after-shave-locion-williams-200-ml-williams/R-521000884/p
Perfumeria E Higiene,Tampones con aplicador Super Tampax caja de 20 uds.,"3,60 €","0,18 €/ud",https://www.carrefour.es/supermercado/after-shave-locion-williams-200-ml-williams/R-521000884/p
Perfumeria E Higiene,DEO LACTOVIT INVISIBLE SPR 200,"2,29 €","1,14 €/100ml",https://www.carrefour.es/supermercado/goma-de-pelo-negra-basica-ponette-6-ud-ponette/R-prod850092/p
Perfumeria E Higiene,Champú + serum anti-edad BB7 Pantene 700 ml.,"5,87 €","0,84 €/100ml",https://www.carrefour.es/supermercado/goma-de-pelo-negra-basica-ponette-6-ud-ponette/R-prod850092/p
Perfumeria E Higiene,Champú suave para pieles atópicas Instituto Español 300 ml.,"4,78 €","1,59 €/100ml",https://www.carrefour.es/supermercado/champu-anticaida-para-cabellos-normales-natur-vital-300-ml-natur-vital/R-522714139/p
Perfumeria E Higiene,Agua micelar en aceite Garnier 400 ml.,"4,75 €","1,19 €/100ml",https://www.carrefour.es/supermercado/champu-anticaida-para-cabellos-normales-natur-vital-300-ml-natur-vital/R-522714139/p
Perfumeria E Higiene,Mascarilla capilar para todo tipo de cabello Carrefour 500 ml.,"2,40 €","0,48 €/100ml",https://www.carrefour.es/supermercado/toallitas-intimas-con-aloe-carefree-20-ud-carefree/R-521000570/p
Perfumeria E Higiene,Enjuague bucal sabor frutos rojos Listerine 500 ml.,"4,80 €","0,96 €/100ml",https://www.carrefour.es/supermercado/enjuague-bucal-sabor-frutos-rojos-listerine-500-ml-listerine/R-521000461/p
Perfumeria E Higiene,Gel Pure Active 3 en 1 Carbón anti-puntos negros Garnier 50 ml.,"5,00 €","10,00 €/100ml",https://www.carrefour.es/supermercado/enjuague-bucal-sabor-frutos-rojos-listerine-500-ml-listerine/R-521000461/p
Perfumeria E Higiene,Crema de peinado Rizos Pantene 200 ml.,"4,70 €","1,74 €/100ml",https://www.carrefour.es/supermercado/gel-pure-active-3-en-1-carbon-anti-puntos-negros-garnier-50-ml-garnier/R-836506945/p
Perfumeria E Higiene,Champú anticaspa para hombre ultra limpieza profunda con carbón H&S 300 ml.,"4,00 €","1,33 €/100ml",https://www.carrefour.es/supermercado/gel-pure-active-3-en-1-carbon-anti-puntos-negros-garnier-50-ml-garnier/R-836506945/p
Perfumeria E Higiene,Espuma Perfect Volume Pro-V Pantene 250 ml.,"3,00 €","1,20 €/100ml",https://www.carrefour.es/supermercado/crema-de-peinado-rizos-pantene-200-ml-pantene/R-fprod1190495/p
Perfumeria E Higiene,Gel de afeitar piel sensible Lea 200 ml.,"2,40 €","1,20 €/100ml",https://www.carrefour.es/supermercado/crema-de-peinado-rizos-pantene-200-ml-pantene/R-fprod1190495/p
Perfumeria E Higiene,Tinte creme nº 6 Rubio Oscuro L'Oréal Excellence 1 ud.,"7,95 €","7,95 €/ud",https://www.carrefour.es/supermercado/champu-anticaspa-para-hombre-ultra-limpieza-profunda-con-carbon-hs-300-ml-hs/R-prod650174/p
Perfumeria E Higiene,Champú alisadora macadamia Garnier 350 ml.,"4,50 €","1,29 €/100ml",https://www.carrefour.es/supermercado/champu-anticaspa-para-hombre-ultra-limpieza-profunda-con-carbon-hs-300-ml-hs/R-prod650174/p
Perfumeria E Higiene,Acondicionador ultra nutritiva banana Garnier 350 ml.,"4,80 €","1,37 €/100ml",https://www.carrefour.es/supermercado/espuma-perfect-volume-pro-v-pantene-250-ml-pantene/R-804987749/p
Perfumeria E Higiene,Jabón de manos hygiene protector antibacterias Sanex 300 ml.,"2,85 €","0,95 €/100ml",https://www.carrefour.es/supermercado/espuma-perfect-volume-pro-v-pantene-250-ml-pantene/R-804987749/p
Perfumeria E Higiene,"Champú anticaspa suave y sedoso para cabello seco, dañado o encrespado H&S 700 ml.","6,82 €","0,97 €/100ml",https://www.carrefour.es/supermercado/gel-de-afeitar-piel-sensible-lea-200-ml-lea/R-prod590076/p
Perfumeria E Higiene,Crema antiarrugas+ firmeza FP 30 Nivea Q10 Power 50 ml.,"10,55 €","21,10 €/100ml",https://www.carrefour.es/supermercado/gel-de-afeitar-piel-sensible-lea-200-ml-lea/R-prod590076/p
Perfumeria E Higiene,Mascarilla hidratante matificante Hydra Bomb Garnier-Skin Active 1 ud.,"2,30 €","7,19 €/100g",https://www.carrefour.es/supermercado/tinte-creme-n-6-rubio-oscuro-loreal-excellence-1-ud-loreal-excellence/R-520663543/p
Perfumeria E Higiene,Toallitas íntimas rosa mosqueta Babaria 12 ud.,"1,61 €","0,13 €/ud",https://www.carrefour.es/supermercado/tinte-creme-n-6-rubio-oscuro-loreal-excellence-1-ud-loreal-excellence/R-520663543/p
Perfumeria E Higiene,Desodorante roll-on go fresh Dove 50 ml.,"1,93 €","3,86 €/100ml",https://www.carrefour.es/supermercado/champu-alisadora-macadamia-garnier-350-ml/R-VC4AECOMM-442974/p
Perfumeria E Higiene,PROTE CAREFREE FRESH TRANSP 40,"2,00 €","2,00 €/ud",https://www.carrefour.es/supermercado/champu-alisadora-macadamia-garnier-350-ml/R-VC4AECOMM-442974/p
Perfumeria E Higiene,Compresas para incontinencia de orina mini Discreet Tena 20 ud.,"3,95 €","0,19 €/ud",https://www.carrefour.es/supermercado/acondicionador-ultra-nutritiva-banana-garnier-350-ml/R-VC4AECOMM-442981/p
Perfumeria E Higiene,Champú anticaída para cabellos grasos Natur Vital 300 ml.,"4,10 €","1,32 €/100ml",https://www.carrefour.es/supermercado/acondicionador-ultra-nutritiva-banana-garnier-350-ml/R-VC4AECOMM-442981/p
Perfumeria E Higiene,Cepillo de dientes bambú Colgate 1 ud.,"3,84 €","4,10 €/ud",https://www.carrefour.es/supermercado/jabon-de-manos-hygiene-protector-antibacterias-sanex-300-ml-sanex/R-521000694/p
Perfumeria E Higiene,Champú nutritivo ligero con aceite de coco pelo normal o seco L'Oréal-Elvive 370 ml.,"4,80 €","1,04 €/100ml",https://www.carrefour.es/supermercado/jabon-de-manos-hygiene-protector-antibacterias-sanex-300-ml-sanex/R-521000694/p
Perfumeria E Higiene,Enjuague bucal protección dientes y encías menta suave Listerine 500 ml.,"0,99 €","0,96 €/100ml",https://www.carrefour.es/supermercado/champu-anticaspa-suave-y-sedoso-para-cabello-seco-danado-o-encrespado-hs-700-ml-hs/R-764119641/p
Perfumeria E Higiene,Bastoncillos de maquillaje Carrefour 100 ud.,"2,00 €","0,01 €/ud",https://www.carrefour.es/supermercado/champu-anticaspa-suave-y-sedoso-para-cabello-seco-danado-o-encrespado-hs-700-ml-hs/R-764119641/p
Perfumeria E Higiene,Desodorante en spray Excite Axe 150 ml.,"3,84 €","1,33 €/100ml",https://www.carrefour.es/supermercado/promocion?promoId=promof2530045
Perfumeria E Higiene,Dentífrico blanqueador Fluocaril pack de 2 unidades de 75 ml.,"6,40 €","4,27 €/100ml",https://www.carrefour.es/supermercado/dentifrico-blanqueador-fluocaril-pack-de-2-unidades-de-75-ml-fluocaril/R-prod810794/p
Perfumeria E Higiene,Laca fijación flexible Pro-V Pantene 300 ml.,"3,00 €","1,00 €/100ml",https://www.carrefour.es/supermercado/dentifrico-blanqueador-fluocaril-pack-de-2-unidades-de-75-ml-fluocaril/R-prod810794/p
Perfumeria E Higiene,Toallitas micelares Todo en 1 para pieles y ojos muy sensibles Garnier 25 ud.,"2,50 €","0,10 €/ud",https://www.carrefour.es/supermercado/laca-fijacion-flexible-pro-v-pantene-300-ml-pantene/R-636701725/p
Perfumeria E Higiene,Enjuague bucal advance white menta Listerine 500 ml.,"5,55 €","1,11 €/100ml",https://www.carrefour.es/supermercado/laca-fijacion-flexible-pro-v-pantene-300-ml-pantene/R-636701725/p
Perfumeria E Higiene,Crema Hidratante Facial Té verde Garnier-Skin Naturals 50 ml.,"5,40 €","10,80 €/100ml",https://www.carrefour.es/supermercado/toallitas-micelares-todo-en-1-para-pieles-y-ojos-muy-sensibles-garnier-25-ud-garnier/R-816215649/p
Perfumeria E Higiene,Esponja de baño infantil Bob Esponja Suavipiel 1 ud.,"2,10 €","2,10 €/ud",https://www.carrefour.es/supermercado/toallitas-micelares-todo-en-1-para-pieles-y-ojos-muy-sensibles-garnier-25-ud-garnier/R-816215649/p
Perfumeria E Higiene,Acondicionador fortificante repara adios daños con aceite del fruto de amia para cabello dañado Garnier Fructis 300 ml.,"3,70 €","1,23 €/100ml",https://www.carrefour.es/supermercado/enjuague-bucal-advance-white-menta-listerine-500-ml/R-VC4AECOMM-492621/p
Perfumeria E Higiene,Acondicionador fortificante suaviza e hidrata pure fresh agua de coco Garnier Fructis 300 ml.,"3,70 €","1,23 €/100ml",https://www.carrefour.es/supermercado/enjuague-bucal-advance-white-menta-listerine-500-ml/R-VC4AECOMM-492621/p
Perfumeria E Higiene,Crema corporal hidratante para pieles atópicas Carrefour 400 ml.,"2,20 €","0,55 €/100ml",https://www.carrefour.es/supermercado/crema-hidratante-facial-te-verde-garnier-skin-naturals-50-ml-garnier-skin-naturals/R-696708800/p
Perfumeria E Higiene,Enjuague bucal protection Carrefour Soft 500 ml.,"1,95 €","0,39 €/100ml",https://www.carrefour.es/supermercado/crema-hidratante-facial-te-verde-garnier-skin-naturals-50-ml-garnier-skin-naturals/R-696708800/p
Perfumeria E Higiene,Esponja de baño tonificante doble acción Actibel 1 ud.,"1,99 €","1,99 €/ud",https://www.carrefour.es/supermercado/esponja-de-bano-infantil-bob-esponja-suavipiel-1-ud-suavipiel/R-prod270732/p
Perfumeria E Higiene,Dentífrico para niños Dientes de Leche Binaca 75 ml.,"2,30 €","4,60 €/100ml",https://www.carrefour.es/supermercado/esponja-de-bano-infantil-bob-esponja-suavipiel-1-ud-suavipiel/R-prod270732/p
Perfumeria E Higiene,Desodorante roll-on Cool Kick Nivea 50 ml.,"1,85 €","3,70 €/100ml",https://www.carrefour.es/supermercado/acondicionador-fortificante-repara-adios-danos-con-aceite-del-fruto-de-amia-para-cabello-danado-garnier-fructis-300-ml/R-fprod1460459/p
Perfumeria E Higiene,Seda dental 3D White Oral-B 1 ud.,"4,00 €","4,00 €/ud",https://www.carrefour.es/supermercado/acondicionador-fortificante-repara-adios-danos-con-aceite-del-fruto-de-amia-para-cabello-danado-garnier-fructis-300-ml/R-fprod1460459/p
Perfumeria E Higiene,Tampones con aplicador normal Carrefour 20 ud.,"1,35 €","0,07 €/ud",https://www.carrefour.es/supermercado/acondicionador-fortificante-suaviza-e-hidrata-pure-fresh-agua-de-coco-garnier-fructis-300-ml/R-fprod1460482/p
Perfumeria E Higiene,Tinte 6.0 Rubio Oscuro Garnier Olia 1 ud.,"6,35 €","6,35 €/ud",https://www.carrefour.es/supermercado/acondicionador-fortificante-suaviza-e-hidrata-pure-fresh-agua-de-coco-garnier-fructis-300-ml/R-fprod1460482/p
Perfumeria E Higiene,Desechable Venus Simply 2 Gillette 5 ud.,"2,49 €","0,50 €/ud",https://www.carrefour.es/supermercado/crema-corporal-hidratante-para-pieles-atopicas-carrefour-400-ml-carrefour/R-fprod1470205/p
Perfumeria E Higiene,Desodorante en spray Classic original Magno 150 ml.,"2,80 €","1,87 €/100ml",https://www.carrefour.es/supermercado/crema-corporal-hidratante-para-pieles-atopicas-carrefour-400-ml-carrefour/R-fprod1470205/p
Perfumeria E Higiene,Protege & Cuida Bálsamo After Shave Hidratante Nivea Men 100 ml.,"4,40 €","4,40 €/100ml",https://www.carrefour.es/supermercado/enjuague-bucal-protection-carrefour-soft-500-ml/R-VC4AECOMM-613063/p
Perfumeria E Higiene,Protegeslip normal multiforma Evax 58 ud.,"3,10 €","0,05 €/ud",https://www.carrefour.es/supermercado/enjuague-bucal-protection-carrefour-soft-500-ml/R-VC4AECOMM-613063/p
Perfumeria E Higiene,Crema de talones agrietados Carrefour 125 ml.,"1,50 €","1,20 €/100ml",https://www.carrefour.es/supermercado/esponja-de-bano-tonificante-doble-accion-actibel-1-ud-actibel/R-521012161/p
Perfumeria E Higiene,Champú en seco original Batiste 200 ml.,"3,10 €","1,55 €/100ml",https://www.carrefour.es/supermercado/esponja-de-bano-tonificante-doble-accion-actibel-1-ud-actibel/R-521012161/p
Perfumeria E Higiene,Mascarilla capilar intensiva para cabello teñido Color Project Pantene 300 ml.,"3,90 €","1,30 €/100ml",https://www.carrefour.es/supermercado/dentifrico-para-ninos-dientes-de-leche-binaca-75-ml-binaca/R-521000445/p
Perfumeria E Higiene,Gel de ducha dermatológico piel atópica Pharmaline 750 ml.,"5,25 €","0,70 €/100ml",https://www.carrefour.es/supermercado/dentifrico-para-ninos-dientes-de-leche-binaca-75-ml-binaca/R-521000445/p
Perfumeria E Higiene,Desodorante en spray para hombre care Clean Comfort 0% aluminum salts alcohol Dove 150 ml.,"3,60 €","2,40 €/100ml",https://www.carrefour.es/supermercado/desodorante-en-spray-para-hombre-care-clean-comfort-0-aluminum-salts-alcohol-dove-150-ml-dove/R-prod720244/p
Perfumeria E Higiene,Espuma de afeitar con sales minerales y micro aceites Protect 7 La Toja 300 ml.,"2,35 €","0,78 €/100ml",https://www.carrefour.es/supermercado/desodorante-en-spray-para-hombre-care-clean-comfort-0-aluminum-salts-alcohol-dove-150-ml-dove/R-prod720244/p
Perfumeria E Higiene,Desodorante en spray tacto puro classic NB Palmolive 200 ml.,"3,10 €","1,55 €/100ml",https://www.carrefour.es/supermercado/espuma-de-afeitar-con-sales-minerales-y-micro-aceites-protect-7-la-toja-300-ml-la-toja/R-795705210/p
Perfumeria E Higiene,Dentífrico Pro-Expert Blanqueante Oral-B 75 ml.,"2,64 €","3,52 €/100ml",https://www.carrefour.es/supermercado/espuma-de-afeitar-con-sales-minerales-y-micro-aceites-protect-7-la-toja-300-ml-la-toja/R-795705210/p
Perfumeria E Higiene,Desodorante roll-on brisa fresh Mum 50 ml.,"2,05 €","4,10 €/100ml",https://www.carrefour.es/supermercado/HuchaPromocion?promoId=huchaDisc420107
Perfumeria E Higiene,Desodorante en spray original Dove 200 ml.,"3,80 €","1,90 €/100ml",https://www.carrefour.es/supermercado/desodorante-en-spray-tacto-puro-classic-nb-palmolive-200-ml-nb-palmolive/R-520664853/p
Perfumeria E Higiene,Protegeslip normal Ausonia 28 ud.,"3,20 €","0,11 €/ud",https://www.carrefour.es/supermercado/desodorante-en-spray-tacto-puro-classic-nb-palmolive-200-ml-nb-palmolive/R-520664853/p
Perfumeria E Higiene,Desodorante roll-on invisible Motion Sense Active protección+ anti-transpirant 0% alcohol Rexona 50 ml.,"2,09 €","4,18 €/100ml",https://www.carrefour.es/supermercado/dentifrico-pro-expert-blanqueante-oral-b-75-ml-oral-b/R-683603261/p
Perfumeria E Higiene,Tinte creme nº 7 Rubio L'Oréal Excellence 1 ud.,"7,95 €","7,95 €/ud",https://www.carrefour.es/supermercado/dentifrico-pro-expert-blanqueante-oral-b-75-ml-oral-b/R-683603261/p
Perfumeria E Higiene,Compresas ultrafinas con alas para la noche Carrefour 9 ud.,"1,34 €","0,15 €/ud",https://www.carrefour.es/supermercado/desodorante-roll-on-brisa-fresh-mum-50-ml-mum/R-520664851/p
Perfumeria E Higiene,Champú suave calmante con crema de arroz y leche de avena Original Remedies 300 ml.,"3,30 €","1,10 €/100ml",https://www.carrefour.es/supermercado/desodorante-roll-on-brisa-fresh-mum-50-ml-mum/R-520664851/p
Perfumeria E Higiene,Champú fortificante anticaspa para cabello normal Ganier- Fructis 690 ml.,"5,95 €","0,86 €/100ml",https://www.carrefour.es/supermercado/desodorante-en-spray-original-dove-200-ml-dove/R-prod1060059/p
Perfumeria E Higiene,Dentífrico 3D White Luxe efecto perla Oral-B 75 ml.,"3,21 €","4,28 €/100ml",https://www.carrefour.es/supermercado/desodorante-en-spray-original-dove-200-ml-dove/R-prod1060059/p
Perfumeria E Higiene,Gel de afeitar Series Gillette 75 ml.,"2,30 €","3,07 €/100ml",https://www.carrefour.es/supermercado/protegeslip-normal-ausonia-28-ud-ausonia/R-fprod1410146/p
Perfumeria E Higiene,Toallitas íntimas Chilly 12 ud.,"2,49 €","0,21 €/ud",https://www.carrefour.es/supermercado/protegeslip-normal-ausonia-28-ud-ausonia/R-fprod1410146/p
Perfumeria E Higiene,Desodorante roll-on Protege&Cuida Nivea 50 ml.,"1,85 €","3,70 €/100ml",https://www.carrefour.es/supermercado/desodorante-roll-on-invisible-motion-sense-active-proteccion-anti-transpirant-0-alcohol-rexona-50-ml-rexona/R-prod720205/p
Perfumeria E Higiene,Dentífrico Fresh Dentalyss pack de 2 unidades de 75 ml.,"0,99 €","0,66 €/100ml",https://www.carrefour.es/supermercado/desodorante-roll-on-invisible-motion-sense-active-proteccion-anti-transpirant-0-alcohol-rexona-50-ml-rexona/R-prod720205/p
Perfumeria E Higiene,Cepillo dental eléctrico Floss action EB25 recambio Oral-B 2 ud.,"11,45 €","5,72 €/ud",https://www.carrefour.es/supermercado/HuchaPromocion?promoId=huchaDisc420092
Perfumeria E Higiene,Dentífrico original Encias & Esmalte Repair Oral-B 75 ml.,"3,30 €","4,40 €/100ml",https://www.carrefour.es/supermercado/tinte-creme-n-7-rubio-loreal-excellence-1-ud-loreal-excellence/R-521012124/p
Perfumeria E Higiene,Gel de ducha ice chill Axe 400 ml.,"2,85 €","0,71 €/100ml",https://www.carrefour.es/supermercado/tinte-creme-n-7-rubio-loreal-excellence-1-ud-loreal-excellence/R-521012124/p
Perfumeria E Higiene,Champú con camomila y miel de flores para cabellos rubios Garnier 400 ml.,"3,30 €","0,82 €/100ml",https://www.carrefour.es/supermercado/compresas-ultrafinas-con-alas-para-la-noche-carrefour-9-ud/R-VC4AECOMM-443515/p
Perfumeria E Higiene,Toallitas desmaquilladoras Nivea 20 ud.,"1,99 €","0,10 €/ud",https://www.carrefour.es/supermercado/compresas-ultrafinas-con-alas-para-la-noche-carrefour-9-ud/R-VC4AECOMM-443515/p
Perfumeria E Higiene,Desmaquillador de ojos Doble Acción Nivea 125 ml.,"4,65 €","3,72 €/100ml",https://www.carrefour.es/supermercado/champu-suave-calmante-con-crema-de-arroz-y-leche-de-avena-original-remedies-300-ml-original-remedies/R-prod731490/p
Perfumeria E Higiene,Body milk Triple Acción para piel seca Nivea 400 ml.,"4,85 €","1,21 €/100ml",https://www.carrefour.es/supermercado/champu-suave-calmante-con-crema-de-arroz-y-leche-de-avena-original-remedies-300-ml-original-remedies/R-prod731490/p
Perfumeria E Higiene,Gel fijador x-trema 'Control Total' Giorgi 150 ml.,"2,50 €","1,67 €/100ml",https://www.carrefour.es/supermercado/gel-fijador-x-trema-control-total-giorgi-150-ml-giorgi/R-520663460/p
Perfumeria E Higiene,Champú Volumen Pomelo blanco & menta mosa bío:renew Herbal Essences 400 ml.,"3,99 €","1,00 €/100ml",https://www.carrefour.es/supermercado/gel-fijador-x-trema-control-total-giorgi-150-ml-giorgi/R-520663460/p
Perfumeria E Higiene,Gomas de pelo fina Ponette 1 ud.,"0,95 €","0,95 €/ud",https://www.carrefour.es/supermercado/champu-volumen-pomelo-blanco-menta-mosa-biorenew-herbal-essences-400-ml-herbal-essences/R-prod650106/p
Perfumeria E Higiene,Recambio maquinilla Venus Gillette 4 ud.,"9,85 €","2,46 €/ud",https://www.carrefour.es/supermercado/champu-volumen-pomelo-blanco-menta-mosa-biorenew-herbal-essences-400-ml-herbal-essences/R-prod650106/p
Perfumeria E Higiene,Champú fortificante Melena Abundante para cabello fino Garnier-Fructis 360 ml.,"3,59 €","1,00 €/100ml",https://www.carrefour.es/supermercado/gomas-de-pelo-fina-ponette-1-ud-ponette/R-prod930256/p
Perfumeria E Higiene,Desodorante roll-on Fresh Flower Nivea 50 ml.,"2,65 €","5,30 €/100ml",https://www.carrefour.es/supermercado/gomas-de-pelo-fina-ponette-1-ud-ponette/R-prod930256/p
Perfumeria E Higiene,Acondicionador liso y sedoso proteínas de seda & aceite de argán para cabello seco y tendencia a encresparse Tresemmé 855 ml.,"5,00 €","0,58 €/100ml",https://www.carrefour.es/supermercado/recambio-maquinilla-venus-gillette-4-ud-gillette/R-520664497/p
Perfumeria E Higiene,Desodorante en spray Fresh Gold Axe pack de 2 unidadesd de 150 ml.,"4,00 €","1,33 €/100ml",https://www.carrefour.es/supermercado/recambio-maquinilla-venus-gillette-4-ud-gillette/R-520664497/p
Perfumeria E Higiene,Desenredante instantáneo ultra suave Nelly 200 ml.,"2,10 €","1,05 €/100ml",https://www.carrefour.es/supermercado/champu-fortificante-melena-abundante-para-cabello-fino-garnier-fructis-360-ml-garnier-fructis/R-prod65194/p
Perfumeria E Higiene,Desodorante roll-on para mujer Active Protect Odour Protection Rexona 50 ml.,"2,09 €","4,18 €/100ml",https://www.carrefour.es/supermercado/champu-fortificante-melena-abundante-para-cabello-fino-garnier-fructis-360-ml-garnier-fructis/R-prod65194/p
Perfumeria E Higiene,Tinte 4.0 Castaño Garnier Olia 1 ud.,"6,35 €","6,35 €/ud",https://www.carrefour.es/supermercado/desodorante-roll-on-fresh-flower-nivea-50-ml-nivea/R-fprod1250182/p
Perfumeria E Higiene,Coloración Permanente nº 3 Castaño Oscuro Garnier Color Sensation 1 ud.,"3,65 €","3,65 €/ud",https://www.carrefour.es/supermercado/desodorante-roll-on-fresh-flower-nivea-50-ml-nivea/R-fprod1250182/p
Perfumeria E Higiene,Cepillo de dientes triple action medium Colgate 4 ud.,"3,95 €","0,99 €/ud",https://www.carrefour.es/supermercado/acondicionador-liso-y-sedoso-proteinas-de-seda-aceite-de-argan-para-cabello-seco-y-tendencia-a-encresparse-tresemme-855-ml/R-VC4AECOMM-468580/p
Perfumeria E Higiene,Desodorante en spray dermo 7 en 1 protection Sanex 200 ml.,"2,50 €","1,25 €/100ml",https://www.carrefour.es/supermercado/acondicionador-liso-y-sedoso-proteinas-de-seda-aceite-de-argan-para-cabello-seco-y-tendencia-a-encresparse-tresemme-855-ml/R-VC4AECOMM-468580/p
Perfumeria E Higiene,Compresas Ultra fina Normal 16 ud.,"0,84 €","0,05 €/ud",https://www.carrefour.es/supermercado/desodorante-en-spray-fresh-gold-axe-pack-de-2-unidadesd-de-150-ml-axe/R-prod730601/p
Perfumeria E Higiene,Pulverizador protector instantáneo del calor en spray Tresemmé 300 ml.,"5,55 €","1,85 €/100ml",https://www.carrefour.es/supermercado/desodorante-en-spray-fresh-gold-axe-pack-de-2-unidadesd-de-150-ml-axe/R-prod730601/p
Perfumeria E Higiene,Bandas de cera depilatoria para pieles sensibles Veet 20 ud.,"4,35 €","0,22 €/ud",https://www.carrefour.es/supermercado/desenredante-instantaneo-ultra-suave-nelly-200-ml-nelly/R-801332722/p
Perfumeria E Higiene,Compresas para pérdidas de orina normal Ausonia Discreet 12 ud.,"3,40 €","0,28 €/ud",https://www.carrefour.es/supermercado/desenredante-instantaneo-ultra-suave-nelly-200-ml-nelly/R-801332722/p
Perfumeria E Higiene,Gel limpiador facial al agua para piel normal y mixta Nivea 150 ml.,"4,85 €","3,23 €/100ml",https://www.carrefour.es/supermercado/desodorante-roll-on-para-mujer-active-protect-odour-protection-rexona-50-ml-rexona/R-827510414/p
Perfumeria E Higiene,Champú anti-caspa Nutre & Cuida H&S 700 ml.,"6,82 €","0,97 €/100ml",https://www.carrefour.es/supermercado/desodorante-roll-on-para-mujer-active-protect-odour-protection-rexona-50-ml-rexona/R-827510414/p
Perfumeria E Higiene,Gel limpiador botánico con hoja de té verde piel mixta Garnier Skin Active 200 ml.,"4,50 €","2,25 €/100ml",https://www.carrefour.es/supermercado/HuchaPromocion?promoId=huchaDisc420092
Perfumeria E Higiene,Vaselina perfumada Gal 40 g.,"3,45 €","3,45 €/ud",https://www.carrefour.es/supermercado/tinte-40-castano-garnier-olia-1-ud-garnier-olia/R-684403556/p
Perfumeria E Higiene,Loción corporal karite Dove 400 ml.,"4,05 €","1,01 €/100ml",https://www.carrefour.es/supermercado/tinte-40-castano-garnier-olia-1-ud-garnier-olia/R-684403556/p
Perfumeria E Higiene,Discos desmaquillantes de algodón Cocoon Demak Up 85 ud.,"2,10 €","0,02 €/ud",https://www.carrefour.es/supermercado/coloracion-permanente-n-3-castano-oscuro-garnier-color-sensation-1-ud-garnier-color-sensation/R-652602052/p
Perfumeria E Higiene,Tampones con aplicador regular Tampax caja de 20 uds.,"3,60 €","0,18 €/ud",https://www.carrefour.es/supermercado/tampones-con-aplicador-regular-tampax-caja-de-20-uds-tampax/R-521000534/p
Perfumeria E Higiene,Desodorante roll-on Dry Fresh anti-transpirante Nivea 50 ml.,"1,85 €","3,70 €/100ml",https://www.carrefour.es/supermercado/tampones-con-aplicador-regular-tampax-caja-de-20-uds-tampax/R-521000534/p
Perfumeria E Higiene,Preservativos sensual touch&feel Control 12 ud.,"7,15 €","0,60 €/ud",https://www.carrefour.es/supermercado/promocion?promoId=promof2530039
Perfumeria E Higiene,Preservativos sensitivo contacto total Durex 12 ud.,"10,45 €","0,87 €/ud",https://www.carrefour.es/supermercado/desodorante-roll-on-dry-fresh-anti-transpirante-nivea-50-ml-nivea/R-prod760086/p
Perfumeria E Higiene,Cepillo dental 360º medio Colgate 1 ud.,"4,00 €","3,15 €/ud",https://www.carrefour.es/supermercado/desodorante-roll-on-dry-fresh-anti-transpirante-nivea-50-ml-nivea/R-prod760086/p
Perfumeria E Higiene,Champú anticaspa Apple Fresh H&S 360 ml.,"3,88 €","1,11 €/100ml",https://www.carrefour.es/supermercado/preservativos-sensual-touchfeel-control-12-ud-control/R-521001007/p
Perfumeria E Higiene,Champú anticaspa + acondicionador todo en uno Apple Fresh H&S 360 ml.,"2,95 €","1,08 €/100ml",https://www.carrefour.es/supermercado/preservativos-sensual-touchfeel-control-12-ud-control/R-521001007/p
Perfumeria E Higiene,CHAMP?.HIERBAS TIMOTEI.400ML,"2,95 €","0,74 €/100ml",https://www.carrefour.es/supermercado/preservativos-sensitivo-contacto-total-durex-12-ud/R-VC4AECOMM-487678/p
Perfumeria E Higiene,CHAMP ALMENDRAS TIMOTEI.400 ML,"2,49 €","0,74 €/100ml",https://www.carrefour.es/supermercado/preservativos-sensitivo-contacto-total-durex-12-ud/R-VC4AECOMM-487678/p
Perfumeria E Higiene,Toallitas íntimas delicadas Chilly 12 ud.,"5,90 €","0,21 €/ud",https://www.carrefour.es/supermercado/cepillo-dental-360-medio-colgate-1-ud-colgate/R-521000287/p
Perfumeria E Higiene,Oleogel baño y ducha para pieles atópicas y sensibles hidratación e higiene sin jabón Instituto Español 300 ml.,"5,00 €","1,97 €/100ml",https://www.carrefour.es/supermercado/cepillo-dental-360-medio-colgate-1-ud-colgate/R-521000287/p
Perfumeria E Higiene,Bandas de cera depilatorias facial hipoalergénicas minima Veet 20 ud.,"6,82 €","0,25 €/ud",https://www.carrefour.es/supermercado/promocion?promoId=promof2530050
Perfumeria E Higiene,Champú anticaspa para cabello limpio y fresco Apple Fresh H&S 700ml.,"3,30 €","0,97 €/100ml",https://www.carrefour.es/supermercado/champu-anticaspa-apple-fresh-hs-360-ml-hs/R-823818679/p
Perfumeria E Higiene,Champú nutritivo con aceite de oliva virgen Original Remedies 300 ml.,"3,39 €","1,10 €/100ml",https://www.carrefour.es/supermercado/champu-anticaspa-apple-fresh-hs-360-ml-hs/R-823818679/p
Perfumeria E Higiene,Champú suave con perfume de flor de tiaré y jugo de aloe vera ecologico Nectar Of Bio 200 ml.,"1,23 €","1,36 €/100ml",https://www.carrefour.es/supermercado/champu-anticaspa-acondicionador-todo-en-uno-apple-fresh-hs-360-ml-hs/R-764119655/p
Perfumeria E Higiene,Crema suavizante capilar Carrefour 750 ml.,"2,30 €","1,64 €/100ml",https://www.carrefour.es/supermercado/champu-anticaspa-acondicionador-todo-en-uno-apple-fresh-hs-360-ml-hs/R-764119655/p
Perfumeria E Higiene,Quitaesmaltes sin acetona Cutex 100 ml.,"4,00 €","2,30 €/100ml",https://www.carrefour.es/supermercado/champhierbas-timotei400ml-timotei/R-520663280/p
Perfumeria E Higiene,Champú anticaspa hidratación profunda H&S 360 ml.,"4,10 €","1,11 €/100ml",https://www.carrefour.es/supermercado/champhierbas-timotei400ml-timotei/R-520663280/p
Perfumeria E Higiene,Acondicionador 3 minutos suave & liso Pantene 200 ml.,"2,20 €","2,05 €/100ml",https://www.carrefour.es/supermercado/champ-almendras-timotei400-ml-timotei/R-521015440/p
Perfumeria E Higiene,Crema hidratante intensiva Soft Nivea 100 ml.,"1,07 €","2,20 €/100ml",https://www.carrefour.es/supermercado/champ-almendras-timotei400-ml-timotei/R-521015440/p
Perfumeria E Higiene,Crema de manos con aceite de oliva Babaria 75 ml.,"1,85 €","1,43 €/100ml",https://www.carrefour.es/supermercado/toallitas-intimas-delicadas-chilly-12-ud-chilly/R-582901545/p
Perfumeria E Higiene,Laca de uñas 60 seconds super shine nº 320 Rapid Ruby Rimmel 1 ud.,"3,05 €","1,85 €/ud",https://www.carrefour.es/supermercado/toallitas-intimas-delicadas-chilly-12-ud-chilly/R-582901545/p
Perfumeria E Higiene,Dentífrico acción visible 12h de protección Colgate 75 ml.,"2,09 €","4,07 €/100ml",https://www.carrefour.es/supermercado/oleogel-bano-y-ducha-para-pieles-atopicas-y-sensibles-hidratacion-e-higiene-sin-jabon-instituto-espanol-300-ml/R-VC4AECOMM-476835/p
Perfumeria E Higiene,Desodorante en spray dermo invisible men Sanex 200 ml.,"3,11 €","1,55 €/100ml",https://www.carrefour.es/supermercado/desodorante-en-spray-dermo-invisible-men-sanex-200-ml-sanex/R-521007475/p
Perfumeria E Higiene,Tinte intense color cream 3 castaño oscuro Palette 1 ud.,"3,68 €","3,68 €/ud",https://www.carrefour.es/supermercado/desodorante-en-spray-dermo-invisible-men-sanex-200-ml-sanex/R-521007475/p
Perfumeria E Higiene,Desodorante roll-on Invisible for black and white 48 h. Nivea 50 ml.,"1,85 €","3,70 €/100ml",https://www.carrefour.es/supermercado/HuchaPromocion?promoId=huchaDisc420093
Perfumeria E Higiene,Gel de ducha Flor de loto Dove 500 ml.,"3,05 €","0,61 €/100ml",https://www.carrefour.es/supermercado/tinte-intense-color-cream-3-castano-oscuro-palette-1-ud-palette/R-600805803/p
Perfumeria E Higiene,Crema reparadora de urea avanzada hidratante para piel áspera o seca Instituto Español 400 ml,"3,45 €","0,86 €/100ml",https://www.carrefour.es/supermercado/tinte-intense-color-cream-3-castano-oscuro-palette-1-ud-palette/R-600805803/p
Perfumeria E Higiene,BODY MILK DOVE 400ML,"4,05 €","1,01 €/100ml",https://www.carrefour.es/supermercado/promocion?promoId=promof2530040
Perfumeria E Higiene,Dentífrico blanqueante complete protection Parodontax 75 ml.,"5,25 €","7,00 €/100ml",https://www.carrefour.es/supermercado/desodorante-roll-on-invisible-for-black-and-white-48-h-nivea-50-ml-nivea/R-prod63456/p
Perfumeria E Higiene,Tampones super Tampax 40 ud.,"4,72 €","0,12 €/ud",https://www.carrefour.es/supermercado/desodorante-roll-on-invisible-for-black-and-white-48-h-nivea-50-ml-nivea/R-prod63456/p
Perfumeria E Higiene,Gel de afeitar suave Gillette Mach3 200 ml.,"3,70 €","1,85 €/100ml",https://www.carrefour.es/supermercado/gel-de-ducha-flor-de-loto-dove-500-ml-dove/R-prod160053/p
Perfumeria E Higiene,Dentífrico esmalte sano 12h de protección completa Colgate Total 75 ml.,"3,05 €","4,07 €/100ml",https://www.carrefour.es/supermercado/gel-de-ducha-flor-de-loto-dove-500-ml-dove/R-prod160053/p
Perfumeria E Higiene,Desodorante roll-on sensitive Dove 50 ml.,"2,75 €","5,50 €/100ml",https://www.carrefour.es/supermercado/crema-reparadora-de-urea-avanzada-hidratante-para-piel-aspera-o-seca-instituto-espanol-400-ml-instituto-espanol/R-prod301150/p
Perfumeria E Higiene,Dentífrico protect fluor Dentalyss pack de 2 unidades de 75 ml.,"0,99 €","0,66 €/100ml",https://www.carrefour.es/supermercado/crema-reparadora-de-urea-avanzada-hidratante-para-piel-aspera-o-seca-instituto-espanol-400-ml-instituto-espanol/R-prod301150/p
Perfumeria E Higiene,Laca Fijadora normal L'Oréal Elnett 400 ml.,"6,90 €","1,72 €/100ml",https://www.carrefour.es/supermercado/body-milk-dove-400ml-dove/R-520664386/p
Perfumeria E Higiene,Champú cabellos blancos Les Cosmétiques -Kera Science 300 ml.,"2,70 €","0,90 €/100ml",https://www.carrefour.es/supermercado/body-milk-dove-400ml-dove/R-520664386/p
Perfumeria E Higiene,Mascarilla capilar cabello rizado Les Cosmétiques Kera Science 300 ml.,"1,60 €","0,53 €/100ml",https://www.carrefour.es/supermercado/dentifrico-blanqueante-complete-protection-parodontax-75-ml/R-VC4AECOMM-469442/p
Perfumeria E Higiene,Loción corporal con aceite de coco y leche de almendras Dove 400 ml.,"4,10 €","1,02 €/100ml",https://www.carrefour.es/supermercado/dentifrico-blanqueante-complete-protection-parodontax-75-ml/R-VC4AECOMM-469442/p
Perfumeria E Higiene,Champú extra aloe repara & suaviza Herbal Essences Bio Renew 380 ml.,"4,95 €","1,30 €/100ml",https://www.carrefour.es/supermercado/tampones-super-tampax-40-ud-tampax/R-521028479/p
Perfumeria E Higiene,Dentífrico Protección Completa Licor del Polo pack de 2 unidades de 75 ml.,"3,30 €","2,20 €/100ml",https://www.carrefour.es/supermercado/tampones-super-tampax-40-ud-tampax/R-521028479/p
Perfumeria E Higiene,ESP.HIDRA-RIZOS EXTRA MARCA200,"3,00 €","1,50 €/100ml",https://www.carrefour.es/supermercado/gel-de-afeitar-suave-gillette-mach3-200-ml-gillette-mach3/R-823818692/p
Perfumeria E Higiene,Desodorante en spray Fresh flower Nivea 150 ml.,"2,85 €","1,90 €/100ml",https://www.carrefour.es/supermercado/gel-de-afeitar-suave-gillette-mach3-200-ml-gillette-mach3/R-823818692/p
Perfumeria E Higiene,Body milk hidratante con aceite de oliva Babaria 400 ml.,"1,58 €","0,39 €/100ml",https://www.carrefour.es/supermercado/dentifrico-esmalte-sano-12h-de-proteccion-completa-colgate-total-75-ml-colgate/R-prod1022616/p
Perfumeria E Higiene,Acondicionador reparadora papaya Garnier 350 ml.,"5,10 €","1,46 €/100ml",https://www.carrefour.es/supermercado/dentifrico-esmalte-sano-12h-de-proteccion-completa-colgate-total-75-ml-colgate/R-prod1022616/p
Perfumeria E Higiene,Champú anticaspa + acondicionador Citrus Fresh H&S 360 ml.,"3,88 €","1,08 €/100ml",https://www.carrefour.es/supermercado/promocion?promoId=promof2530050
Perfumeria E Higiene,Champú hidratante de agua de coco y aloe vera Original Remedies 300 ml.,"3,30 €","1,10 €/100ml",https://www.carrefour.es/supermercado/desodorante-roll-on-sensitive-dove-50-ml/R-VC4AECOMM-569863/p
Perfumeria E Higiene,Esponjas jabonosas Indas 20 uds.,"2,10 €","0,11 €/ud",https://www.carrefour.es/supermercado/esponjas-jabonosas-indas-20-uds-indas/R-808943628/p
Perfumeria E Higiene,Maquinilla desechable de mujer 3 hojas Carrefour 4 ud.,"1,99 €","0,50 €/ud",https://www.carrefour.es/supermercado/esponjas-jabonosas-indas-20-uds-indas/R-808943628/p
Perfumeria E Higiene,Compresas para incontinencias de orina extra Discreet Tena 20 ud.,"2,30 €","0,31 €/ud",https://www.carrefour.es/supermercado/maquinilla-desechable-de-mujer-3-hojas-carrefour-4-ud/R-VC4AECOMM-475307/p
Perfumeria E Higiene,VITESSE TOALLITA P.SENSIBLE 20,"3,20 €","0,08 €/ud",https://www.carrefour.es/supermercado/maquinilla-desechable-de-mujer-3-hojas-carrefour-4-ud/R-VC4AECOMM-475307/p
Perfumeria E Higiene,GEL M.CONTRO XTREMA GIORG 250,"1,34 €","1,28 €/100ml",https://www.carrefour.es/supermercado/compresas-para-incontinencias-de-orina-extra-discreet-tena-20-ud-tena-lady/R-522714369/p
Perfumeria E Higiene,Enjuague bucal con fluor Carrefour 500 ml.,"3,15 €","0,27 €/100ml",https://www.carrefour.es/supermercado/compresas-para-incontinencias-de-orina-extra-discreet-tena-20-ud-tena-lady/R-522714369/p
Perfumeria E Higiene,Cepillo de pelo raqueta Ponette 1 ud.,"5,25 €","3,15 €/ud",https://www.carrefour.es/supermercado/promocion?promoId=promof2530015
Perfumeria E Higiene,Champú hydrate miracle con aceite de nuez de macadamia para cabello seco Aussie 300 ml.,"3,39 €","1,75 €/100ml",https://www.carrefour.es/supermercado/vitesse-toallita-psensible-20-vitesse/R-520664087/p
Perfumeria E Higiene,Cepillo dental Pro-Expert extra limpieza medio Oral-B 1 ud.,"3,15 €","3,39 €/ud",https://www.carrefour.es/supermercado/vitesse-toallita-psensible-20-vitesse/R-520664087/p
Perfumeria E Higiene,Gel de ducha Cuidado & Naranja Nivea 750 ml.,"2,95 €","0,42 €/100ml",https://www.carrefour.es/supermercado/gel-mcontro-xtrema-giorg-250-giorgi/R-530362970/p
Perfumeria E Higiene,Dentífrico natural extracts con aceite de limón y extracto de aloe vera Colgate 75 ml.,"2,30 €","3,93 €/100ml",https://www.carrefour.es/supermercado/gel-mcontro-xtrema-giorg-250-giorgi/R-530362970/p
Perfumeria E Higiene,Cepillo dental infantil + 3 años con temporizador Carrefour 1 ud.,"2,24 €","2,30 €/ud",https://www.carrefour.es/supermercado/enjuague-bucal-con-fluor-carrefour-500-ml-carrefour/R-521000408/p
Perfumeria E Higiene,"Gel de ducha hidratante con extracto de coco para todo tipo de pieles Carrefour 1,5 l.","1,20 €","0,15 €/100ml",https://www.carrefour.es/supermercado/enjuague-bucal-con-fluor-carrefour-500-ml-carrefour/R-521000408/p
Perfumeria E Higiene,Esponja desmaquilladora 100% natural Suavipiel 2 ud.,"4,57 €","0,60 €/ud",https://www.carrefour.es/supermercado/cepillo-de-pelo-raqueta-ponette-1-ud-ponette/R-prod850112/p
Perfumeria E Higiene,Desodorante en spary go fresh aloe y pera anti-transpirante 48h. Dove 250 ml.,"10,10 €","1,83 €/100ml",https://www.carrefour.es/supermercado/cepillo-de-pelo-raqueta-ponette-1-ud-ponette/R-prod850112/p
Perfumeria E Higiene,Acondicionador repara y protege para cabello débil o dañados Pantene 1000 ml.,"4,15 €","1,01 €/100ml",https://www.carrefour.es/supermercado/champu-hydrate-miracle-con-aceite-de-nuez-de-macadamia-para-cabello-seco-aussie-300-ml/R-VC4AECOMM-419115/p
Perfumeria E Higiene,Champú suavizante liso asiático para cabello rebelde o difícil de alisar Gliss 370 ml. de alisar,"2,25 €","1,12 €/100ml",https://www.carrefour.es/supermercado/champu-hydrate-miracle-con-aceite-de-nuez-de-macadamia-para-cabello-seco-aussie-300-ml/R-VC4AECOMM-419115/p
Perfumeria E Higiene,Toallitas desmaquillantes hidratantes para pieles normales y mixtas Diadermine 20 ud.,"4,75 €","0,09 €/ud",https://www.carrefour.es/supermercado/cepillo-dental-pro-expert-extra-limpieza-medio-oral-b-1-ud-oral-b/R-754402304/p
Perfumeria E Higiene,Agua micelar para pieles mixtas a grasas y sensibles Garnier 400 ml.,"12,20 €","1,19 €/100ml",https://www.carrefour.es/supermercado/cepillo-dental-pro-expert-extra-limpieza-medio-oral-b-1-ud-oral-b/R-754402304/p
Perfumeria E Higiene,Recambio para maquinilla de afeitar Hydro 5 Sensitive Wilkinson 4 ud.,"11,25 €","12,20 €/ud",https://www.carrefour.es/supermercado/gel-de-ducha-cuidado-naranja-nivea-750-ml-nivea/R-prod650050/p
Perfumeria E Higiene,Gel lubricante naturals H2O original Durex 100 ml.,"8,50 €","11,25 €/100ml",https://www.carrefour.es/supermercado/gel-de-ducha-cuidado-naranja-nivea-750-ml-nivea/R-prod650050/p
Perfumeria E Higiene,Protector para adultos Carrefour 20 ud.,"3,29 €","0,42 €/ud",https://www.carrefour.es/supermercado/dentifrico-natural-extracts-con-aceite-de-limon-y-extracto-de-aloe-vera-colgate-75-ml-colgate/R-prod221385/p
Perfumeria E Higiene,Desodorante en spray invisible Ice Fresh Rexona 250 ml.,"2,09 €","1,32 €/100ml",https://www.carrefour.es/supermercado/dentifrico-natural-extracts-con-aceite-de-limon-y-extracto-de-aloe-vera-colgate-75-ml-colgate/R-prod221385/p
Perfumeria E Higiene,Desodorante roll-on go fresh verde Dove 50 ml.,"1,93 €","3,86 €/100ml",https://www.carrefour.es/supermercado/desodorante-roll-on-go-fresh-verde-dove-50-ml-dove/R-584701517/p
Perfumeria E Higiene,Solución Higienizante Hidroalcohólica 70% alcohol h91 medical 5L,"24,90 €","4,98 €/l",https://www.carrefour.es/supermercado/desodorante-roll-on-go-fresh-verde-dove-50-ml-dove/R-584701517/p
Perfumeria E Higiene,Esponja de baño flor passión Calypso 1 ud.,"2,80 €","2,80 €/ud",https://www.carrefour.es/supermercado/solucion-higienizante-hidroalcoholica-70-alcohol-h91-medical-5l/R-VC4AECOMM-503318/p
Perfumeria E Higiene,Cera depilatoria divina facial oro Taky 1 ud.,"6,80 €","6,80 €/ud",https://www.carrefour.es/supermercado/solucion-higienizante-hidroalcoholica-70-alcohol-h91-medical-5l/R-VC4AECOMM-503318/p
Perfumeria E Higiene,Champú anticaspa Men ultra Prevención caída Con cafeína H&S 600 ml.,"7,40 €","1,23 €/100ml",https://www.carrefour.es/supermercado/esponja-de-bano-flor-passion-calypso-1-ud-calypso/R-546307274/p
Perfumeria E Higiene,Champú reconstituyente Tesoros de Miel Original Remedies 300 ml.,"3,30 €","1,10 €/100ml",https://www.carrefour.es/supermercado/esponja-de-bano-flor-passion-calypso-1-ud-calypso/R-546307274/p
Perfumeria E Higiene,Desodorante stick ecológico Piedra de Alumbre nbd 120 g.,"3,55 €","2,96 €/100g",https://www.carrefour.es/supermercado/cera-depilatoria-divina-facial-oro-taky-1-ud-taky/R-648002071/p
Perfumeria E Higiene,Champú extra volumen Les Cosmétiques -Kera Science 400 ml.,"1,70 €","0,42 €/100ml",https://www.carrefour.es/supermercado/cera-depilatoria-divina-facial-oro-taky-1-ud-taky/R-648002071/p
Perfumeria E Higiene,Manopla rizo Carrefour 2 ud.,"1,10 €","0,55 €/ud",https://www.carrefour.es/supermercado/champu-anticaspa-men-ultra-prevencion-caida-con-cafeina-hs-600-ml-hs/R-prod650198/p
Perfumeria E Higiene,Dentífrico sabor fresa desde 7 años Carrefour 75 ml.,"0,86 €","1,15 €/100ml",https://www.carrefour.es/supermercado/champu-anticaspa-men-ultra-prevencion-caida-con-cafeina-hs-600-ml-hs/R-prod650198/p
Perfumeria E Higiene,Desodorante en spray Apolo Axe 150 ml.,"2,00 €","1,33 €/100ml",https://www.carrefour.es/supermercado/champu-reconstituyente-tesoros-de-miel-original-remedies-300-ml-original-remedies/R-prod731482/p
Perfumeria E Higiene,Limpiador facial Pure Active 3 en 1 Garnier Skin Active 150 ml.,"5,95 €","3,97 €/100ml",https://www.carrefour.es/supermercado/champu-reconstituyente-tesoros-de-miel-original-remedies-300-ml-original-remedies/R-prod731482/p
Perfumeria E Higiene,Jabón de manos en pastilla Magno pack de 2 unidades de 125 g.,"2,39 €","0,96 €/100g",https://www.carrefour.es/supermercado/promocion?promoId=promof2530013
Perfumeria E Higiene,Laca fijación fuerte de larga duración Carrefour 300 ml.,"1,71 €","0,57 €/100ml",https://www.carrefour.es/supermercado/desodorante-stick-ecologico-piedra-de-alumbre-nbd-120-g-nbd/R-684304125/p
Perfumeria E Higiene,Crema de manos con aceite de coco y leche de almendras Dove 75 ml.,"2,95 €","3,93 €/100ml",https://www.carrefour.es/supermercado/desodorante-stick-ecologico-piedra-de-alumbre-nbd-120-g-nbd/R-684304125/p
Perfumeria E Higiene,Enjuague bucal advance white menta Listerine 1 l.,"10,40 €","1,04 €/100ml",https://www.carrefour.es/supermercado/champu-extra-volumen-les-cosmetiques-kera-science-400-ml-les-cosmetiques-kera-science/R-657701701/p
Perfumeria E Higiene,Contorno de ojos hidratante antibolsas & antiojeras ecológico Nectar Of Bio 15 ml.,"4,20 €","28,00 €/100ml",https://www.carrefour.es/supermercado/champu-extra-volumen-les-cosmetiques-kera-science-400-ml-les-cosmetiques-kera-science/R-657701701/p
Perfumeria E Higiene,Desechable Sensor 3 Gillette 8 ud.,"7,86 €","0,98 €/ud",https://www.carrefour.es/supermercado/manopla-rizo-carrefour-2-ud-carrefour/R-fprod1280613/p
Perfumeria E Higiene,Champú anticaspa + acondicionador 2 en 1 Classic para cabello normal H&S 360 ml.,"4,00 €","1,11 €/100ml",https://www.carrefour.es/supermercado/manopla-rizo-carrefour-2-ud-carrefour/R-fprod1280613/p
Perfumeria E Higiene,Agua de colonia Don Algodón 200 ml.,"12,00 €","6,00 €/100ml",https://www.carrefour.es/supermercado/dentifrico-sabor-fresa-desde-7-anos-carrefour-75-ml/R-VC4AECOMM-472090/p
Perfumeria E Higiene,Desodorante en spray Dark Temptation Axe 150 ml.,"2,00 €","1,33 €/100ml",https://www.carrefour.es/supermercado/dentifrico-sabor-fresa-desde-7-anos-carrefour-75-ml/R-VC4AECOMM-472090/p
Perfumeria E Higiene,VITESSE TOALLITAS P.MIXTAS X20,"2,30 €","0,08 €/ud",https://www.carrefour.es/supermercado/desodorante-en-spray-apolo-axe-150-ml-axe/R-757005766/p
Perfumeria E Higiene,CEPI BINACA INTERD MEDIO P.2X1,"1,06 €","2,50 €/ud",https://www.carrefour.es/supermercado/desodorante-en-spray-apolo-axe-150-ml-axe/R-757005766/p
Perfumeria E Higiene,Maquinilla de afeitar desechable Sensor 3 sensitive Gillette 6 ud.,"9,40 €","2,35 €/ud",https://www.carrefour.es/supermercado/maquinilla-de-afeitar-desechable-sensor-3-sensitive-gillette-6-ud/R-fprod1470212/p
Perfumeria E Higiene,Champú Suave y liso 3 en 1 Pantene 300 ml.,"4,20 €","1,40 €/100ml",https://www.carrefour.es/supermercado/maquinilla-de-afeitar-desechable-sensor-3-sensitive-gillette-6-ud/R-fprod1470212/p
Perfumeria E Higiene,Desodorante roll-on zero 0% invisible anti manchas Sanex 50 ml.,"1,82 €","3,64 €/100ml",https://www.carrefour.es/supermercado/champu-suave-y-liso-3-en-1-pantene-300-ml-pantene/R-prod871318/p
Perfumeria E Higiene,Dentífrico blanqueadora sensibilidad & encias Calm Oral B 75 ml.,"4,50 €","6,00 €/100ml",https://www.carrefour.es/supermercado/champu-suave-y-liso-3-en-1-pantene-300-ml-pantene/R-prod871318/p
Perfumeria E Higiene,Cepillo dental UltraThin Oral-B 1 ud.,"2,09 €","2,09 €/ud",https://www.carrefour.es/supermercado/desodorante-roll-on-zero-0-invisible-anti-manchas-sanex-50-ml-sanex/R-fprod1260024/p
Perfumeria E Higiene,"Acondicionador Alisado Fluido cabello rebelde, con tendencia a encresparse Les Cosmétiques -Kera Science 400 ml.","1,29 €","0,32 €/100ml",https://www.carrefour.es/supermercado/desodorante-roll-on-zero-0-invisible-anti-manchas-sanex-50-ml-sanex/R-fprod1260024/p
Perfumeria E Higiene,Mascarilla capilar cabello teñido o con mechas Les Cosmétiques Kera Science 300 ml.,"1,60 €","0,53 €/100ml",https://www.carrefour.es/supermercado/promocion?promoId=promof2530012
Perfumeria E Higiene,Champú cuidado arcilla/argila extraordinaria para cabellos normales o con tendencia a engrasarse L´Oréal -Elvive 690 ml.,"7,30 €","1,06 €/100ml",https://www.carrefour.es/supermercado/dentifrico-blanqueadora-sensibilidad-encias-calm-oral-b-75-ml/R-VC4AECOMM-527464/p
Perfumeria E Higiene,Agua micelar de flor de azahar ecológica pieles apagadas y incluso sensibles Garnier Bio 400 ml.,"6,10 €","1,52 €/100ml",https://www.carrefour.es/supermercado/dentifrico-blanqueadora-sensibilidad-encias-calm-oral-b-75-ml/R-VC4AECOMM-527464/p
Perfumeria E Higiene,Crema hidratante cara y cuerpo con aceite de jojoba y vitamina E Carrefour 250 ml.,"1,71 €","0,68 €/100ml",https://www.carrefour.es/supermercado/cepillo-dental-ultrathin-oral-b-1-ud-oral-b/R-857000306/p
Perfumeria E Higiene,Agua de colonia familiar Puig 750 ml.,"3,55 €","0,47 €/100ml",https://www.carrefour.es/supermercado/cepillo-dental-ultrathin-oral-b-1-ud-oral-b/R-857000306/p
Perfumeria E Higiene,Desodorante roll-on unperfumed Mum 50 ml.,"2,05 €","4,10 €/100ml",https://www.carrefour.es/supermercado/acondicionador-alisado-fluido-cabello-rebelde-con-tendencia-a-encresparse-les-cosmetiques-kera-science-400-ml-les-cosmetiques-kera-science/R-657701741/p
Perfumeria E Higiene,DESMA OJOS ESSENCIAL S.NAT 150,"3,30 €","2,20 €/100ml",https://www.carrefour.es/supermercado/acondicionador-alisado-fluido-cabello-rebelde-con-tendencia-a-encresparse-les-cosmetiques-kera-science-400-ml-les-cosmetiques-kera-science/R-657701741/p
Perfumeria E Higiene,Sales de baño cherry blossom Gloss! 650 g.,"3,15 €","0,48 €/100g",https://www.carrefour.es/supermercado/mascarilla-capilar-cabello-tenido-o-con-mechas-les-cosmetiques-kera-science-300-ml-les-cosmetiques-kera-science/R-657701783/p
Perfumeria E Higiene,Acondicionador aqua light para cabello graso Pantene 300 ml.,"3,90 €","1,30 €/100ml",https://www.carrefour.es/supermercado/mascarilla-capilar-cabello-tenido-o-con-mechas-les-cosmetiques-kera-science-300-ml-les-cosmetiques-kera-science/R-657701783/p
Perfumeria E Higiene,Coloración Permanente nº 6 Rubio Oscuro Garnier Color Sensation 1 ud.,"3,65 €","3,65 €/ud",https://www.carrefour.es/supermercado/champu-cuidado-arcilla-argila-extraordinaria-para-cabellos-normales-o-con-tendencia-a-engrasarse-loreal-elvive-690-ml/R-fprod1460549/p
Perfumeria E Higiene,Esponja de baño suave surtido Carrefour 1 ud.,"1,61 €","1,61 €/ud",https://www.carrefour.es/supermercado/champu-cuidado-arcilla-argila-extraordinaria-para-cabellos-normales-o-con-tendencia-a-engrasarse-loreal-elvive-690-ml/R-fprod1460549/p
Perfumeria E Higiene,Jabón de manos en pastilla alepo auténtico con 5% laurel Terre D' Ecologis 190 g.,"3,70 €","7,40 €/100ml",https://www.carrefour.es/supermercado/HuchaPromocion?promoId=huchaDisc420083
Perfumeria E Higiene,Mascarilla capilar protectora hidratante délicatesse de avena Garnier Original Remedies 300 ml.,"3,80 €","1,27 €/100ml",https://www.carrefour.es/supermercado/agua-micelar-de-flor-de-azahar-ecologica-pieles-apagadas-y-incluso-sensibles-garnier-bio-400-ml/R-VC4AECOMM-482761/p
Perfumeria E Higiene,Maquinilla de afeitar desechable 3 hojas sensitive Bic 14 ud.,"5,80 €","0,41 €/ud",https://www.carrefour.es/supermercado/agua-micelar-de-flor-de-azahar-ecologica-pieles-apagadas-y-incluso-sensibles-garnier-bio-400-ml/R-VC4AECOMM-482761/p
Perfumeria E Higiene,Desodorante en spray aloe vera Rexona 250 ml.,"2,85 €","1,14 €/100ml",https://www.carrefour.es/supermercado/crema-hidratante-cara-y-cuerpo-con-aceite-de-jojoba-y-vitamina-e-carrefour-250-ml-carrefour/R-815722671/p
Perfumeria E Higiene,Mascarilla capilar Mango & Nuez para cabello seco Nectar of Nature Les Cosmétiques Nectar of Beauty 400 ml.,"2,80 €","0,70 €/100ml",https://www.carrefour.es/supermercado/crema-hidratante-cara-y-cuerpo-con-aceite-de-jojoba-y-vitamina-e-carrefour-250-ml-carrefour/R-815722671/p
Perfumeria E Higiene,Champú Cerezas rojas para cabello normal Les Cosmétiques -Nectar of Beauty 500 ml.,"1,99 €","0,40 €/100ml",https://www.carrefour.es/supermercado/agua-de-colonia-familiar-puig-750-ml-puig/R-520663735/p
Perfumeria E Higiene,Crema stop tijeras Sin aclarado Dream long Pelo largo dañado L'Oréal Elvive 200 ml.,"4,80 €","2,40 €/100ml",https://www.carrefour.es/supermercado/agua-de-colonia-familiar-puig-750-ml-puig/R-520663735/p
Perfumeria E Higiene,Cabezales cepillo eléctrico universal Total Clean Carrefour 2 ud.,"3,99 €","1,99 €/ud",https://www.carrefour.es/supermercado/cabezales-cepillo-electrico-universal-total-clean-carrefour-2-ud-carrefour/R-prod670411/p
Perfumeria E Higiene,Gel de ducha Nenuco Classic 750 ml.,"3,00 €","0,40 €/100ml",https://www.carrefour.es/supermercado/cabezales-cepillo-electrico-universal-total-clean-carrefour-2-ud-carrefour/R-prod670411/p
Perfumeria E Higiene,Agua de colonia glicerina y té blanco Heno De Pravia 780 ml.,"2,65 €","0,41 €/100ml",https://www.carrefour.es/supermercado/gel-de-ducha-nenuco-classic-750-ml-nenuco/R-prod1030054/p
Perfumeria E Higiene,Agua micelar con ácido hialurónico 3en1 para todo tipo de piel Vitesse 400 ml.,"4,10 €","1,02 €/100ml",https://www.carrefour.es/supermercado/gel-de-ducha-nenuco-classic-750-ml-nenuco/R-prod1030054/p
Perfumeria E Higiene,Tabletas limpiadoras para prótesis dentales acción desinfectante con oxígeno activo Polident 72 ud.,"8,85 €","0,12 €/ud",https://www.carrefour.es/supermercado/agua-de-colonia-glicerina-y-te-blanco-heno-de-pravia-780-ml-heno-de-pravia/R-543301716/p
Perfumeria E Higiene,Protegeslip maxi Carefree 36 ud.,"2,00 €","0,06 €/ud",https://www.carrefour.es/supermercado/agua-de-colonia-glicerina-y-te-blanco-heno-de-pravia-780-ml-heno-de-pravia/R-543301716/p
Perfumeria E Higiene,Laca de uñas 60 seconds super shine nº 340 Berries and Cream Rimmel 1 ud.,"1,85 €","1,85 €/ud",https://www.carrefour.es/supermercado/agua-micelar-con-acido-hialuronico-3en1-para-todo-tipo-de-piel-vitesse-400-ml-vitesse/R-fprod1250166/p
Perfumeria E Higiene,Crema corporal protectora forte para piel seca Eudermin 400 ml.,"4,20 €","1,00 €/100ml",https://www.carrefour.es/supermercado/agua-micelar-con-acido-hialuronico-3en1-para-todo-tipo-de-piel-vitesse-400-ml-vitesse/R-fprod1250166/p
Perfumeria E Higiene,Champú Repara & protege 3 en 1 Pantene 300 ml.,"3,80 €","1,40 €/100ml",https://www.carrefour.es/supermercado/tabletas-limpiadoras-para-protesis-dentales-accion-desinfectante-con-oxigeno-activo-polident-72-ud-polident/R-prod840384/p
Perfumeria E Higiene,Mascarilla capilar nutritiva alisadora con aceite de coco y manteca de cacao Original Remedies 300 ml.,"3,45 €","1,27 €/100ml",https://www.carrefour.es/supermercado/tabletas-limpiadoras-para-protesis-dentales-accion-desinfectante-con-oxigeno-activo-polident-72-ud-polident/R-prod840384/p
Perfumeria E Higiene,Acondicionador hidratante con crema de arroz y leche de avena Original Remedies 250 ml.,"7,55 €","1,38 €/100ml",https://www.carrefour.es/supermercado/promocion?promoId=promof2530018
Perfumeria E Higiene,Mascarilla peel off anti-puntos negros Garnier-Skin Active 1 ud.,"4,80 €","15,10 €/100ml",https://www.carrefour.es/supermercado/protegeslip-maxi-carefree-36-ud-carefree/R-fprod1370202/p
Perfumeria E Higiene,Mascarilla capilar coco hidratante Botanique Tresemmé 300 ml.,"3,65 €","1,60 €/100ml",https://www.carrefour.es/supermercado/protegeslip-maxi-carefree-36-ud-carefree/R-fprod1370202/p
Perfumeria E Higiene,Maquinillas desechables extra3 essentials Wilkinson 4 ud.,"3,29 €","0,91 €/ud",https://www.carrefour.es/supermercado/promocion?promoId=promof2530017
Perfumeria E Higiene,Cepillo de dientes suave Sensodyne 1 ud.,"1,99 €","3,29 €/ud",https://www.carrefour.es/supermercado/laca-de-unas-60-seconds-super-shine-n-340-berries-and-cream-rimmel-1-ud-rimmel/R-prod67885/p
Perfumeria E Higiene,Champú ultra nutritivo con aceite de oliva Les Cosmétiques -Nectar of Beauty 500 ml.,"1,25 €","0,40 €/100ml",https://www.carrefour.es/supermercado/laca-de-unas-60-seconds-super-shine-n-340-berries-and-cream-rimmel-1-ud-rimmel/R-prod67885/p
Perfumeria E Higiene,Gel de ducha Leche Carrefour 750 ml.,"8,35 €","0,17 €/100ml",https://www.carrefour.es/supermercado/crema-corporal-protectora-forte-para-piel-seca-eudermin-400-ml-eudermin/R-805505165/p
Perfumeria E Higiene,Recambio cepillo dental eléctrico Total Clean Carrefour 5 ud.,"3,15 €","1,67 €/ud",https://www.carrefour.es/supermercado/crema-corporal-protectora-forte-para-piel-seca-eudermin-400-ml-eudermin/R-805505165/p
Perfumeria E Higiene,Agua micelar Les Cosmétiques 400 ml.,"1,70 €","0,79 €/100ml",https://www.carrefour.es/supermercado/HuchaPromocion?promoId=huchaDisc420101
Perfumeria E Higiene,Crema corporal Aloe Vera pieles normales Carrefour 200 ml.,"3,70 €","0,85 €/100ml",https://www.carrefour.es/supermercado/champu-repara-protege-3-en-1-pantene-300-ml-pantene/R-prod871292/p
Perfumeria E Higiene,Desodorante stick para hombre Original Old Spice 50 ml.,"4,55 €","7,40 €/100ml",https://www.carrefour.es/supermercado/champu-repara-protege-3-en-1-pantene-300-ml-pantene/R-prod871292/p
Perfumeria E Higiene,Desodorante en spray Limones del Caribe Fa 200 ml.,"2,85 €","1,62 €/100ml",https://www.carrefour.es/supermercado/mascarilla-capilar-nutritiva-alisadora-con-aceite-de-coco-y-manteca-de-cacao-original-remedies-300-ml-original-remedies/R-869702159/p
Perfumeria E Higiene,Preservativos non stop dots&lines Control 12 ud.,"7,15 €","0,60 €/ud",https://www.carrefour.es/supermercado/preservativos-non-stop-dotslines-control-12-ud-control/R-521001013/p
Perfumeria E Higiene,Desechable Blue II Plus Gillette 10 ud.,"6,20 €","0,62 €/ud",https://www.carrefour.es/supermercado/preservativos-non-stop-dotslines-control-12-ud-control/R-521001013/p
Perfumeria E Higiene,"Coloración Permanente nº 6,35 Rubio Caramelo Garnier Color Sensation 1 ud.","3,65 €","3,65 €/ud",https://www.carrefour.es/supermercado/desechable-blue-ii-plus-gillette-10-ud-gillette/R-531704989/p
Perfumeria E Higiene,Cepillo dental 360º suave Colgate 1 ud.,"3,30 €","3,30 €/ud",https://www.carrefour.es/supermercado/desechable-blue-ii-plus-gillette-10-ud-gillette/R-531704989/p
Perfumeria E Higiene,Acondicionador hidratante aloe vera Garnier 350 ml.,"5,15 €","1,47 €/100ml",https://www.carrefour.es/supermercado/coloracion-permanente-n-6-35-rubio-caramelo-garnier-color-sensation-1-ud-garnier-color-sensation/R-652602066/p
Perfumeria E Higiene,Tampones super ecológicos Carrefour 32 ud.,"2,20 €","0,07 €/ud",https://www.carrefour.es/supermercado/coloracion-permanente-n-6-35-rubio-caramelo-garnier-color-sensation-1-ud-garnier-color-sensation/R-652602066/p
Perfumeria E Higiene,Desodorante en spray dermo sensitive men Sanex 200 ml.,"3,11 €","15,55 €/100ml",https://www.carrefour.es/supermercado/promocion?promoId=promof2530013
Perfumeria E Higiene,Gel de ducha Sales minerales Carrefour 750 ml.,"1,24 €","0,17 €/100ml",https://www.carrefour.es/supermercado/cepillo-dental-360-suave-colgate-1-ud-colgate/R-521000289/p
Perfumeria E Higiene,Peine Fussy 1 ud.,"0,80 €","0,80 €/ud",https://www.carrefour.es/supermercado/cepillo-dental-360-suave-colgate-1-ud-colgate/R-521000289/p
Perfumeria E Higiene,Acondicionador brillo intenso y tacto sedoso Gloss Kera 400 ml,"1,58 €","0,39 €/100ml",https://www.carrefour.es/supermercado/promocion?promoId=promof2530050
Perfumeria E Higiene,Acondicionador repara & fortalece con biotina & pro-bond complex repara 7 años en 1 uso Tresemmé 685 ml,"5,25 €","0,77 €/100ml",https://www.carrefour.es/supermercado/acondicionador-hidratante-aloe-vera-garnier-350-ml/R-VC4AECOMM-442962/p
Perfumeria E Higiene,Desodorante en spray Men Motion Sense Active protección+ anti-transpirant Rexona 200 ml.,"2,88 €","1,44 €/100ml",https://www.carrefour.es/supermercado/acondicionador-hidratante-aloe-vera-garnier-350-ml/R-VC4AECOMM-442962/p
Perfumeria E Higiene,Jabón de manos en pastilla Granada Les Cosmétiques Néctar of Beauty pack de 2 unidades de 100 g.,"1,18 €","0,59 €/100g",https://www.carrefour.es/supermercado/tampones-super-ecologicos-carrefour-32-ud-carrefour/R-521000516/p
Perfumeria E Higiene,Mascarilla de aceite de argán Herbal Essences 250 ml.,"3,99 €","1,60 €/100ml",https://www.carrefour.es/supermercado/tampones-super-ecologicos-carrefour-32-ud-carrefour/R-521000516/p
Perfumeria E Higiene,Acondicionador Micelar Purifica & Revitaliza Pro-V Pantene 300 ml.,"3,90 €","1,30 €/100ml",https://www.carrefour.es/supermercado/desodorante-en-spray-dermo-sensitive-men-sanex-200-ml-sanex-men/R-829518749/p
Perfumeria E Higiene,Gel de ducha Original Tulipán Negro 600 ml.,"2,10 €","0,35 €/100ml",https://www.carrefour.es/supermercado/desodorante-en-spray-dermo-sensitive-men-sanex-200-ml-sanex-men/R-829518749/p
Perfumeria E Higiene,Crema adhesiva para dentaduras postizas,"3,50 €","3,50 €/ud",https://www.carrefour.es/supermercado/HuchaPromocion?promoId=huchaDisc420093
Perfumeria E Higiene,Mascarilla instantánea Rapid Reviver pelo dañado L'Oréal-Elvive 180 ml.,"4,15 €","2,07 €/100ml",https://www.carrefour.es/supermercado/gel-de-ducha-sales-minerales-carrefour-750-ml-carrefour/R-prod1070622/p
Perfumeria E Higiene,Enjuague bucal plax multiprotección Colgate 250 ml.,"1,82 €","0,73 €/100ml",https://www.carrefour.es/supermercado/gel-de-ducha-sales-minerales-carrefour-750-ml-carrefour/R-prod1070622/p
Perfumeria E Higiene,Contorno de ojos Antiarrugas Nivea Q10 15 ml.,"8,70 €","58,00 €/100ml",https://www.carrefour.es/supermercado/peine-fussy-1-ud-fussy/R-fprod1320294/p
Perfumeria E Higiene,Crema hidratante aloe vera para piel normal y seca Naturally Good Nivea 350 ml.,"5,25 €","1,50 €/100ml",https://www.carrefour.es/supermercado/peine-fussy-1-ud-fussy/R-fprod1320294/p
Perfumeria E Higiene,Bolas de algodón Dr. Sos 100 ud.,"1,23 €","0,01 €/ud",https://www.carrefour.es/supermercado/acondicionador-brillo-intenso-y-tacto-sedoso-gloss-kera-400-ml/R-VC4AECOMM-430929/p
Perfumeria E Higiene,Protege & Cuida Espuma de Afeitar Protectora Nivea Men 200 ml.,"2,80 €","1,40 €/100ml",https://www.carrefour.es/supermercado/acondicionador-brillo-intenso-y-tacto-sedoso-gloss-kera-400-ml/R-VC4AECOMM-430929/p
Perfumeria E Higiene,Gel limpiador detox con citronela ecológico Garnier 150 ml.,"6,15 €","4,10 €/100ml",https://www.carrefour.es/supermercado/acondicionador-repara-fortalece-con-biotina-pro-bond-complex-repara-7-anos-en-1-uso-tresemme-685-ml/R-VC4AECOMM-468591/p
Perfumeria E Higiene,Champú suave y liso Pantene 1000 ml.,"10,35 €","1,03 €/100ml",https://www.carrefour.es/supermercado/champu-suave-y-liso-pantene-1000-ml/R-VC4AECOMM-459393/p
Perfumeria E Higiene,Protegeslip transpirable con aloe vera natural Carefree 58 ud.,"2,70 €","0,05 €/ud",https://www.carrefour.es/supermercado/champu-suave-y-liso-pantene-1000-ml/R-VC4AECOMM-459393/p
Perfumeria E Higiene,Acondicionador purificante fresa blanca & menta dulce bío:renew Herbal Essences 400 ml.,"3,99 €","1,00 €/100ml",https://www.carrefour.es/supermercado/protegeslip-transpirable-con-aloe-vera-natural-carefree-58-ud-carefree/R-521000558/p
Perfumeria E Higiene,Desodorante roll-on 24h antitranspirante y antimanchas Carrefour 50 ml.,"0,75 €","1,50 €/100ml",https://www.carrefour.es/supermercado/protegeslip-transpirable-con-aloe-vera-natural-carefree-58-ud-carefree/R-521000558/p
Perfumeria E Higiene,Gomas de pelo básica Ponette 1 ud.,"1,02 €","1,02 €/ud",https://www.carrefour.es/supermercado/promocion?promoId=promof2530017
Perfumeria E Higiene,Dentífrico junior + 6 años con flúor sabor menta fresca Licor del Polo 75 ml.,"2,10 €","2,80 €/100ml",https://www.carrefour.es/supermercado/acondicionador-purificante-fresa-blanca-menta-dulce-biorenew-herbal-essences-400-ml-herbal-essences/R-prod650091/p
Perfumeria E Higiene,Dentífrico pro-alivio sensitive Colgate 75 ml.,"4,25 €","5,67 €/100ml",https://www.carrefour.es/supermercado/acondicionador-purificante-fresa-blanca-menta-dulce-biorenew-herbal-essences-400-ml-herbal-essences/R-prod650091/p
Perfumeria E Higiene,Tinte creme nº 4 Castaño L'Oréal Excellence 1 ud.,"7,95 €","7,95 €/ud",https://www.carrefour.es/supermercado/desodorante-roll-on-24h-antitranspirante-y-antimanchas-carrefour-50-ml-carrefour/R-797316660/p
Perfumeria E Higiene,Aceite en crema oliva mítica sin aclarado Garnier Original Remedies 200 ml.,"2,60 €","1,30 €/100ml",https://www.carrefour.es/supermercado/desodorante-roll-on-24h-antitranspirante-y-antimanchas-carrefour-50-ml-carrefour/R-797316660/p
Perfumeria E Higiene,Enjuague bucal plax soft mint Colgate 100 ml.,"1,07 €","1,07 €/100ml",https://www.carrefour.es/supermercado/gomas-de-pelo-basica-ponette-1-ud-ponette/R-prod930324/p
Perfumeria E Higiene,Dentífrico Fresh xtrem Dentalyss 75 ml.,"0,61 €","0,81 €/100ml",https://www.carrefour.es/supermercado/gomas-de-pelo-basica-ponette-1-ud-ponette/R-prod930324/p
Perfumeria E Higiene,Dentífrico extra fresco Encias & Esmalte Repair Oral-B 75 ml.,"3,65 €","4,87 €/100ml",https://www.carrefour.es/supermercado/dentifrico-junior-6-anos-con-fluor-sabor-menta-fresca-licor-del-polo-75-ml-licor-del-polo/R-823507397/p
Perfumeria E Higiene,Desmaquillante de ojos sensibles Carrefour 150 ml.,"1,71 €","1,14 €/100ml",https://www.carrefour.es/supermercado/dentifrico-junior-6-anos-con-fluor-sabor-menta-fresca-licor-del-polo-75-ml-licor-del-polo/R-823507397/p
Perfumeria E Higiene,Champú color keratina con aceite de argán para cabellos teñidos y con mechas Tresemmé 685 ml,"5,25 €","0,77 €/100ml",https://www.carrefour.es/supermercado/HuchaPromocion?promoId=huchaDisc420129
Perfumeria E Higiene,Crema hidratante aguacate para piel seca Naturally Good Nivea 350 ml.,"5,25 €","1,50 €/100ml",https://www.carrefour.es/supermercado/dentifrico-pro-alivio-sensitive-colgate-75-ml-colgate/R-865100486/p
Perfumeria E Higiene,CHA.PURIFICANT.FLEX REVLON 650,"3,10 €","0,48 €/100ml",https://www.carrefour.es/supermercado/dentifrico-pro-alivio-sensitive-colgate-75-ml-colgate/R-865100486/p
Perfumeria E Higiene,Desodorante en spray invisible for black & white Nivea pack de 2 unidades de 200 ml.,"5,40 €","1,35 €/100ml",https://www.carrefour.es/supermercado/tinte-creme-n-4-castano-loreal-excellence-1-ud-loreal-excellence/R-520663539/p
Perfumeria E Higiene,Mascarilla para cabello seco Total Repair Gliss 20 ml.,"1,04 €","5,20 €/100ml",https://www.carrefour.es/supermercado/tinte-creme-n-4-castano-loreal-excellence-1-ud-loreal-excellence/R-520663539/p
Perfumeria E Higiene,Tampones superplus Tampax 30 ud.,"4,95 €","0,16 €/ud",https://www.carrefour.es/supermercado/aceite-en-crema-oliva-mitica-sin-aclarado-garnier-original-remedies-200-ml-original-remedies/R-801332647/p
Perfumeria E Higiene,"Lima extra 11,5 cm Beter 4 ud","1,37 €","0,34 €/ud",https://www.carrefour.es/supermercado/aceite-en-crema-oliva-mitica-sin-aclarado-garnier-original-remedies-200-ml-original-remedies/R-801332647/p
Perfumeria E Higiene,Horquilla clásicas negras Ponette 20 ud.,"1,61 €","0,08 €/ud",https://www.carrefour.es/supermercado/promocion?promoId=promof2530013
Perfumeria E Higiene,Preservativos non stop retard Control 12 ud.,"7,15 €","0,60 €/ud",https://www.carrefour.es/supermercado/enjuague-bucal-plax-soft-mint-colgate-100-ml-colgate/R-prod871310/p
Perfumeria E Higiene,"Acondicionador violeta matizador para pelo con mechas, rubio o grises L'Oréal-Elvive 150 ml.","4,80 €","3,20 €/100ml",https://www.carrefour.es/supermercado/enjuague-bucal-plax-soft-mint-colgate-100-ml-colgate/R-prod871310/p
Perfumeria E Higiene,"Loción corporal Advanced AtopiDerm para pieles secas, reactivas y atópicas Sanex 360 ml.","5,30 €","1,47 €/100ml",https://www.carrefour.es/supermercado/promocion?promoId=promof2530050
Parafarmacia,Mascarilla quirúrgica II R Tecnol 50 ud.,"7,20 €","0,14 €/ud",https://www.carrefour.es/supermercado/mascarilla-quirurgica-ii-r-tecnol-50-ud/R-VC4AECOMM-605645/p
Parafarmacia,Bastoncillos de algodón 200 ud.,"0,68 €","0,70 €/100ml",https://www.carrefour.es/supermercado/mascarilla-quirurgica-ii-r-tecnol-50-ud/R-VC4AECOMM-605645/p
Parafarmacia,Gel de mano hidroalcohólico 70% alcohol perfume limón Carrefour 500 ml.,"2,50 €","0,22 €/100ml",https://www.carrefour.es/supermercado/bastoncillos-de-algodon-200-ud-producto-blanco/R-835033653/p
Parafarmacia,Agua oxigenada 10 volúmenes Carrefour 250 ml.,"2,85 €","1,25 €/100ml",https://www.carrefour.es/supermercado/bastoncillos-de-algodon-200-ud-producto-blanco/R-835033653/p
Parafarmacia,Limpiador en spray multisuperficies 99% alcohol Fresh Beauty 200 ml.,"0,75 €","5,70 €/100ml",https://www.carrefour.es/supermercado/gel-de-mano-hidroalcoholico-70-alcohol-perfume-limon-carrefour-500-ml/R-VC4AECOMM-443053/p
Parafarmacia,Limpiador de biberones y tetinas ecológico Frosch 500 ml.,"4,15 €","0,03 €/ud",https://www.carrefour.es/supermercado/gel-de-mano-hidroalcoholico-70-alcohol-perfume-limon-carrefour-500-ml/R-VC4AECOMM-443053/p
Parafarmacia,Tiras adhesivas color piel varios tamaños Carrefour 24 ud.,"3,29 €","0,85 €/100ml",https://www.carrefour.es/supermercado/agua-oxigenada-10-volumenes-carrefour-250-ml-carrefour/R-521001131/p
Parafarmacia,Gel de manos hidroalcohólico perfume limón Carrefour Soft 100 ml.,"0,61 €","0,83 €/100ml",https://www.carrefour.es/supermercado/agua-oxigenada-10-volumenes-carrefour-250-ml-carrefour/R-521001131/p
Parafarmacia,Gel hidroalcohocólico 70 % Sac 500 ml.,"1,12 €","2,19 €/100ml",https://www.carrefour.es/supermercado/limpiador-en-spray-multisuperficies-99-alcohol-fresh-beauty-200-ml/R-VC4AECOMM-491565/p
Parafarmacia,Suero fisiológico Carrefour 30 ud.,"3,39 €","0,81 €/100ml",https://www.carrefour.es/supermercado/limpiador-en-spray-multisuperficies-99-alcohol-fresh-beauty-200-ml/R-VC4AECOMM-491565/p
Parafarmacia,Dentífrico Expert 10 en 1 Carrefour 75 ml.,"7,20 €","0,38 €/100ml",https://www.carrefour.es/supermercado/limpiador-de-biberones-y-tetinas-ecologico-frosch-500-ml-frosch/R-826004689/p
Parafarmacia,Gel de ducha Elixir de Argan Natural Honey 750 ml.,"1,60 €","0,45 €/100ml",https://www.carrefour.es/supermercado/limpiador-de-biberones-y-tetinas-ecologico-frosch-500-ml-frosch/R-826004689/p
Parafarmacia,Alcohol 70 Noriega 250 ml.,"1,45 €","0,03 €/ud",https://www.carrefour.es/supermercado/tiras-adhesivas-color-piel-varios-tamanos-carrefour-24-ud-carrefour/R-521012996/p
Parafarmacia,Gasas Esteriles Carrefour 100 ud.,"1,06 €","0,14 €/ud",https://www.carrefour.es/supermercado/tiras-adhesivas-color-piel-varios-tamanos-carrefour-24-ud-carrefour/R-521012996/p
Parafarmacia,Mascarillas facial higiénica 3 capas no reutilizable Bergner 50 ud.,"9,99 €","0,80 €/100g",https://www.carrefour.es/supermercado/gel-de-manos-hidroalcoholico-perfume-limon-carrefour-soft-100-ml-carrefour/R-521014459/p
Parafarmacia,ALGODON CRF PRECORTADO 200GR,"2,30 €","0,14 €/ud",https://www.carrefour.es/supermercado/gel-de-manos-hidroalcoholico-perfume-limon-carrefour-soft-100-ml-carrefour/R-521014459/p
Parafarmacia,Mascarilla higiénica no reutilizable infantil talla M (6-9 años) Bergner 10 ud.,"6,35 €","0,25 €/ud",https://www.carrefour.es/supermercado/gel-hidroalcohocolico-70-sac-500-ml/R-VC4AECOMM-507326/p
Parafarmacia,Mascarilla facial higiénica no reutilizable infantil 6-9 años Bergner 10 ud.,"4,95 €","0,05 €/ud",https://www.carrefour.es/supermercado/gel-hidroalcohocolico-70-sac-500-ml/R-VC4AECOMM-507326/p
Parafarmacia,Tiras adhesivas infantiles Carrefour Kids 20 ud.,"4,50 €","0,20 €/ud",https://www.carrefour.es/supermercado/suero-fisiologico-carrefour-30-ud-carrefour/R-826752915/p
Parafarmacia,Mascarilla quirúrgica II R Tecnol 50 ud.,"7,20 €","0,14 €/ud",https://www.carrefour.es/supermercado/mascarilla-quirurgica-ii-r-tecnol-50-ud/R-VC4AECOMM-605645/p
Parafarmacia,Bastoncillos de algodón 200 ud.,"0,68 €","0,70 €/100ml",https://www.carrefour.es/supermercado/bastoncillos-de-algodon-200-ud-producto-blanco/R-835033653/p
Parafarmacia,Gel de mano hidroalcohólico 70% alcohol perfume limón Carrefour 500 ml.,"2,50 €","0,22 €/100ml",https://www.carrefour.es/supermercado/gel-de-mano-hidroalcoholico-70-alcohol-perfume-limon-carrefour-500-ml/R-VC4AECOMM-443053/p
Parafarmacia,Agua oxigenada 10 volúmenes Carrefour 250 ml.,"2,85 €","1,25 €/100ml",https://www.carrefour.es/supermercado/agua-oxigenada-10-volumenes-carrefour-250-ml-carrefour/R-521001131/p
Parafarmacia,Limpiador en spray multisuperficies 99% alcohol Fresh Beauty 200 ml.,"0,75 €","5,70 €/100ml",https://www.carrefour.es/supermercado/limpiador-en-spray-multisuperficies-99-alcohol-fresh-beauty-200-ml/R-VC4AECOMM-491565/p
Parafarmacia,Limpiador de biberones y tetinas ecológico Frosch 500 ml.,"4,15 €","0,03 €/ud",https://www.carrefour.es/supermercado/limpiador-de-biberones-y-tetinas-ecologico-frosch-500-ml-frosch/R-826004689/p
Parafarmacia,Tiras adhesivas color piel varios tamaños Carrefour 24 ud.,"3,29 €","0,85 €/100ml",https://www.carrefour.es/supermercado/tiras-adhesivas-color-piel-varios-tamanos-carrefour-24-ud-carrefour/R-521012996/p
Parafarmacia,Gel de manos hidroalcohólico perfume limón Carrefour Soft 100 ml.,"0,61 €","0,83 €/100ml",https://www.carrefour.es/supermercado/gel-de-manos-hidroalcoholico-perfume-limon-carrefour-soft-100-ml-carrefour/R-521014459/p
Parafarmacia,Gel hidroalcohocólico 70 % Sac 500 ml.,"1,12 €","2,19 €/100ml",https://www.carrefour.es/supermercado/gel-hidroalcohocolico-70-sac-500-ml/R-VC4AECOMM-507326/p
Parafarmacia,Suero fisiológico Carrefour 30 ud.,"3,39 €","0,81 €/100ml",https://www.carrefour.es/supermercado/suero-fisiologico-carrefour-30-ud-carrefour/R-826752915/p
Parafarmacia,Dentífrico Expert 10 en 1 Carrefour 75 ml.,"7,20 €","0,38 €/100ml",https://www.carrefour.es/supermercado/dentifrico-expert-10-en-1-carrefour-75-ml/R-fprod1460444/p
Parafarmacia,Gel de ducha Elixir de Argan Natural Honey 750 ml.,"1,60 €","0,45 €/100ml",https://www.carrefour.es/supermercado/gel-de-ducha-elixir-de-argan-natural-honey-750-ml-natural-honey/R-prod731240/p
Parafarmacia,Alcohol 70 Noriega 250 ml.,"1,45 €","0,03 €/ud",https://www.carrefour.es/supermercado/alcohol-70-noriega-250-ml-noriega/R-617301596/p
Parafarmacia,Gasas Esteriles Carrefour 100 ud.,"1,06 €","0,14 €/ud",https://www.carrefour.es/supermercado/gasas-esteriles-carrefour-100-ud-carrefour/R-521001118/p
Parafarmacia,Mascarillas facial higiénica 3 capas no reutilizable Bergner 50 ud.,"9,99 €","0,80 €/100g",https://www.carrefour.es/supermercado/mascarillas-facial-higienica-3-capas-no-reutilizable-bergner-50-ud/R-VC4AECOMM-516895/p
Parafarmacia,ALGODON CRF PRECORTADO 200GR,"2,30 €","0,14 €/ud",https://www.carrefour.es/supermercado/algodon-crf-precortado-200gr-carrefour/R-521001096/p
Parafarmacia,Mascarilla higiénica no reutilizable infantil talla M (6-9 años) Bergner 10 ud.,"6,35 €","0,25 €/ud",https://www.carrefour.es/supermercado/mascarilla-higienica-no-reutilizable-infantil-talla-m-6-9-anos-bergner-10-ud/R-VC4AECOMM-582129/p
Parafarmacia,Mascarilla facial higiénica no reutilizable infantil 6-9 años Bergner 10 ud.,"4,95 €","0,05 €/ud",https://www.carrefour.es/supermercado/mascarilla-facial-higienica-no-reutilizable-infantil-6-9-anos-bergner-10-ud/R-VC4AECOMM-582128/p
Parafarmacia,Tiras adhesivas infantiles Carrefour Kids 20 ud.,"4,50 €","0,20 €/ud",https://www.carrefour.es/supermercado/tiras-adhesivas-infantiles-carrefour-kids-20-ud-carrefour-kids/R-550301665/p
