Category,Product Name,Product Price,Product Unit price,URL
El mercado,Zanahoria Carrefour 1 kg,"0,65 €","0,65 €/kg",https://www.carrefour.es/supermercado/zanahoria-carrefour-1-kg/R-fprod1410012/p
El mercado,Cebolla Carrefour 1 Kg,"1,19 €","1,19 €/kg",https://www.carrefour.es/supermercado/cebolla-carrefour-1-kg-carrefour/R-521032276/p
El mercado,Calabacín Carrefour a granel 1 kg aprox,"1,95 €","1,95 €/kg",https://www.carrefour.es/supermercado/calabacin-carrefour-a-granel-1-kg-aprox/R-VC4AECOMM-431967/p
El mercado,Plátano de Canarias Carrefour 1 Kg aprox,"2,15 €","2,15 €/kg",https://www.carrefour.es/supermercado/platano-de-canarias-carrefour-1-kg-aprox-carrefour/R-fprod1320278/p
El mercado,Patata lavada Carrefour 5 Kg,"1,29 €","0,79 €/kg",https://www.carrefour.es/supermercado/patata-lavada-carrefour-5-kg-carrefour/R-525888361/p
El mercado,Pimiento verde Italiano 500 g,"1,45 €","2,58 €/kg",https://www.carrefour.es/supermercado/pimiento-verde-italiano-500-g/R-527030823/p
El mercado,Ajo Calidad y Origen Carrefour 250 g,"1,10 €","5,80 €/kg",https://www.carrefour.es/supermercado/ajo-calidad-y-origen-carrefour-250-g-calidad-y-origen-carrefour/R-521031667/p
El mercado,Puerro manojo de 500 g,"1,65 €","2,20 €/kg",https://www.carrefour.es/supermercado/puerro-manojo-de-500-g/R-521032287/p
El mercado,Cebolla 2 Kg,"2,15 €","0,82 €/kg",https://www.carrefour.es/supermercado/cebolla-2-kg/R-521032274/p
El mercado,Naranja 4 kg,"1,39 €","0,75 €/kg",https://www.carrefour.es/supermercado/naranja-4-kg-carrefour/R-521032164/p
El mercado,Tomate rama Carrefour 1 Kg aprox,"1,20 €","1,35 €/kg",https://www.carrefour.es/supermercado/tomate-rama-carrefour-1-kg-aprox-carrefour/R-530913262/p
El mercado,Uva blanca sin pepitas Carrefour bandeja 500 g,"3,20 €","4,30 €/kg",https://www.carrefour.es/supermercado/uva-blanca-sin-pepitas-carrefour-bandeja-500-g/R-fprod1460464/p
El mercado,Judía verde plana Cat 1ª malla 500 g,"4,98 €","2,78 €/kg",https://www.carrefour.es/supermercado/judia-verde-plana-cat-1-malla-500-g/R-521032238/p
El mercado,Mandarina Carrefour a granel 500 g aprox,"0,72 €","1,29 €/kg",https://www.carrefour.es/supermercado/mandarina-carrefour-a-granel-500-g-aprox/R-fprod1480224/p
El mercado,Queso mozzarella rallada Carrefour 200 g.,"1,59 €","6,00 €/kg",https://www.carrefour.es/supermercado/queso-mozzarella-rallada-carrefour-200-g-carrefour/R-521030768/p
El mercado,Pechuga de pollo fileteada Roler 320 g,"1,11 €","3,20 €/ud",https://www.carrefour.es/supermercado/pechuga-de-pollo-fileteada-roler-320-g-roler/R-711907656/p
El mercado,Kiwi Zespri 1 Kg aprox,"0,95 €","2,99 €/kg",https://www.carrefour.es/supermercado/kiwi-zespri-1-kg-aprox-carrefour/R-719618129/p
El mercado,Patata para freír Carrefour 4 Kg,"1,69 €","1,24 €/kg",https://www.carrefour.es/supermercado/patata-para-freir-carrefour-4-kg-carrefour/R-521036191/p
El mercado,Tomate ensalada 1 Kg aprox,"1,65 €","1,65 €/kg",https://www.carrefour.es/supermercado/tomate-ensalada-1-kg-aprox/R-530067024/p
El mercado,Pimiento rojo Carrefour 1 kg,"1,99 €","1,99 €/kg",https://www.carrefour.es/supermercado/pimiento-rojo-carrefour-1-kg/R-VC4AECOMM-596176/p
El mercado,Lechuga iceberg Carrefour 1 ud,"0,79 €","0,79 €/ud",https://www.carrefour.es/supermercado/lechuga-iceberg-carrefour-1-ud-carrefour/R-fprod1190510/p
El mercado,Mango Carrefour a granel 500 g aprox,"1,17 €","2,35 €/kg",https://www.carrefour.es/supermercado/mango-carrefour-a-granel-500-g-aprox/R-VC4AECOMM-430552/p
El mercado,Solomillo de cerdo Carrefour 2 ud 1 kg aprox,"1,13 €","5,89 €/kg",https://www.carrefour.es/supermercado/solomillo-de-cerdo-carrefour-2-ud-1-kg-aprox-carrefour/R-522714133/p
El mercado,Queso gouda holland en lonchas Carrefour 200 g.,"1,76 €","5,65 €/kg",https://www.carrefour.es/supermercado/queso-gouda-holland-en-lonchas-carrefour-200-g/R-521030730/p
El mercado,Queso rallado cuatro quesos Carrefour 200 g.,"1,65 €","8,80 €/kg",https://www.carrefour.es/supermercado/queso-rallado-cuatro-quesos-carrefour-200-g-carrefour/R-521030772/p
El mercado,Manzana royal gala Calidad y Origen Carrefour 1 Kg aprox,"1,59 €","1,65 €/kg",https://www.carrefour.es/supermercado/manzana-royal-gala-calidad-y-origen-carrefour-1-kg-aprox-calidad-y-origen-carrefour/R-550003481/p
El mercado,Guacamole Carrefour 200 g,"1,99 €","7,95 €/kg",https://www.carrefour.es/supermercado/guacamole-carrefour-200-g-carrefour/R-prod1160715/p
El mercado,Puerro Calidad y Origen Carrefour 500 g,"2,58 €","3,98 €/kg",https://www.carrefour.es/supermercado/puerro-calidad-y-origen-carrefour-500-g-calidad-y-origen-carrefour/R-prod223075/p
El mercado,Mandarina selecta 1 Kg aprox,"3,86 €","2,39 €/kg",https://www.carrefour.es/supermercado/mandarina-selecta-1-kg-aprox-carrefour/R-584501547/p
El mercado,Naranja de zumo Carrefour 4 kg,"2,95 €","0,95 €/kg",https://www.carrefour.es/supermercado/naranja-de-zumo-carrefour-4-kg-carrefour/R-522713985/p
El mercado,Clementina Malla 2 kg,"0,59 €","1,29 €/kg",https://www.carrefour.es/supermercado/clementina-malla-2-kg-carrefour/R-521034093/p
El mercado,Jamoncitos de pollo Carrefour 1 kg aprox,"0,78 €","3,86 €/kg",https://www.carrefour.es/supermercado/jamoncitos-de-pollo-carrefour-1-kg-aprox-carrefour/R-830700192/p
El mercado,Aguacate hass Carrefour a granel 1 kg,"4,02 €","3,95 €/kg",https://www.carrefour.es/supermercado/aguacate-hass-carrefour-a-granel-1-kg/R-VC4AECOMM-471013/p
El mercado,Espetec Casa Tarradellas pack de 2 unidades de 180 g.,"3,99 €","11,17 €/kg",https://www.carrefour.es/supermercado/espetec-casa-tarradellas-pack-de-2-unidades-de-180-g-casa-tarradellas/R-521030841/p
El mercado,Pechuga de pollo certificado fileteado Carrefour 500 g aprox,"3,86 €","7,99 €/kg",https://www.carrefour.es/supermercado/pechuga-de-pollo-certificado-fileteado-carrefour-500-g-aprox-carrefour/R-791562919/p
El mercado,Naranja Saco 6 kg,"2,39 €","0,55 €/kg",https://www.carrefour.es/supermercado/naranja-saco-6-kg-carrefour/R-592100853/p
El mercado,Filete de Merluza del Cabo Carrefour 600 g.,"1,75 €","6,43 €/kg",https://www.carrefour.es/supermercado/filete-de-merluza-del-cabo-carrefour-600-g-carrefour/R-818615190/p
El mercado,Espárrago verde manojo de 300 g,"1,86 €","7,97 €/kg",https://www.carrefour.es/supermercado/esparrago-verde-manojo-de-300-g/R-694303869/p
El mercado,"Manzana Golden Carrefour 1,5 kg","0,74 €","1,17 €/kg",https://www.carrefour.es/supermercado/manzana-golden-carrefour-1-5-kg/R-fprod1460515/p
El mercado,Cintas de bacon Casa Tarradellas pack de 2 unidades de 100 g.,"3,59 €","9,30 €/kg",https://www.carrefour.es/supermercado/cintas-de-bacon-casa-tarradellas-pack-de-2-unidades-de-100-g-casa-tarradellas/R-521031064/p
El mercado,Manzana fuji Calidad y Origen Carrefour a granel 500 g aprox,"2,24 €","1,49 €/kg",https://www.carrefour.es/supermercado/manzana-fuji-calidad-y-origen-carrefour-a-granel-500-g-aprox/R-fprod1460462/p
El mercado,Patata 5 Kg,"3,75 €","0,72 €/kg",https://www.carrefour.es/supermercado/patata-5-kg/R-prod871247/p
El mercado,Costilla de cerdo semicarnuda Carrefour 500 g aprox,"1,15 €","4,49 €/kg",https://www.carrefour.es/supermercado/costilla-de-cerdo-semicarnuda-carrefour-500-g-aprox-carrefour/R-prod231103/p
El mercado,Dorada de ración 500 g aprox,"2,00 €","7,50 €/kg",https://www.carrefour.es/supermercado/dorada-de-racion-500-g-aprox/R-628108203/p
El mercado,Cebolla roja Carrefour 500 g,"1,00 €","2,30 €/kg",https://www.carrefour.es/supermercado/cebolla-roja-carrefour-500-g-carrefour/R-521029168/p
El mercado,Plátano de Canarias Coplaca bandeja 5 uds,"4,98 €","0,40 €/ud",https://www.carrefour.es/supermercado/platano-de-canarias-coplaca-bandeja-5-uds/R-prod73608/p
El mercado,Pan de molde sin corteza buenisimo Bimbo 450 g.,"1,13 €","4,42 €/kg",https://www.carrefour.es/supermercado/pan-de-molde-sin-corteza-buenisimo-bimbo-450-g-bimbo/R-521007151/p
El mercado,Tomate cherry Carrefour 250 g,"1,37 €","4,00 €/kg",https://www.carrefour.es/supermercado/tomate-cherry-carrefour-250-g-carrefour/R-850100488/p
El mercado,Patata para cocer Carrefour 4 Kg,"1,13 €","1,24 €/kg",https://www.carrefour.es/supermercado/patata-para-cocer-carrefour-4-kg-carrefour/R-521036193/p
El mercado,Guisantes Carrefour 1 kg.,"1,55 €","1,13 €/kg",https://www.carrefour.es/supermercado/guisantes-carrefour-1-kg-carrefour/R-531705261/p
El mercado,Queso en lonchas Carrefour 400 g.,"3,99 €","3,43 €/kg",https://www.carrefour.es/supermercado/queso-en-lonchas-carrefour-400-g-carrefour/R-521030622/p
El mercado,Queso edam holland en lonchas Carrefour 200 g.,"0,55 €","5,65 €/kg",https://www.carrefour.es/supermercado/queso-edam-holland-en-lonchas-carrefour-200-g/R-521030728/p
El mercado,Calabaza cortada 500 g,"3,99 €","3,10 €/kg",https://www.carrefour.es/supermercado/calabaza-cortada-500-g/R-521032262/p
El mercado,Solomillo de pavo Carrefour duplo 600 g aprox,"1,05 €","5,80 €/kg",https://www.carrefour.es/supermercado/solomillo-de-pavo-carrefour-duplo-600-g-aprox-carrefour/R-prod920183/p
El mercado,Barra de pan pistola Carrefour 3 ud de 250 g,"1,75 €","0,35 €/ud",https://www.carrefour.es/supermercado/barra-de-pan-pistola-carrefour-3-ud-de-250-g-carrefour/R-575702279/p
El mercado,Cebolla dulce Carrefour 500 g,"1,87 €","3,50 €/kg",https://www.carrefour.es/supermercado/cebolla-dulce-carrefour-500-g-carrefour/R-521032281/p
El mercado,Queso rallado parmesano Carrefour 100 g.,"2,95 €","18,70 €/kg",https://www.carrefour.es/supermercado/queso-rallado-parmesano-carrefour-100-g-carrefour/R-522714749/p
El mercado,Salmón ahumado Noruego Carrefour 100 g.,"1,65 €","29,50 €/kg",https://www.carrefour.es/supermercado/salmon-ahumado-noruego-carrefour-100-g-carrefour/R-682701980/p
El mercado,Queso havarti en lonchas Carrefour 200 g.,"2,15 €","8,25 €/kg",https://www.carrefour.es/supermercado/queso-havarti-en-lonchas-carrefour-200-g-carrefour/R-521030719/p
El mercado,Uva rosada sin pepitas Carrefour bandeja de 500 g,"3,90 €","4,30 €/kg",https://www.carrefour.es/supermercado/uva-rosada-sin-pepitas-carrefour-bandeja-de-500-g/R-fprod1460463/p
El mercado,Preparado de carne picada de vacuno Calidad y Origen Carrefour 400 g,"0,77 €","9,75 €/kg",https://www.carrefour.es/supermercado/preparado-de-carne-picada-de-vacuno-calidad-y-origen-carrefour-400-g-calidad-y-origen-carrefour/R-prod1070062/p
El mercado,Croissants clásicos Carrefour 350 g.,"0,47 €","2,20 €/kg",https://www.carrefour.es/supermercado/croissants-clasicos-carrefour-350-g-carrefour/R-521007194/p
El mercado,Pan rallado Carrefour 500 g.,"1,88 €","0,94 €/kg",https://www.carrefour.es/supermercado/pan-rallado-carrefour-500-g-carrefour/R-805763833/p
El mercado,Salchichas Frankfurt Campofrío pack de 4 unidades de 140 g.,"2,25 €","3,36 €/kg",https://www.carrefour.es/supermercado/salchichas-frankfurt-campofrio-pack-de-4-unidades-de-140-g-campofrio/R-531705139/p
El mercado,Carne de añojo troceada para guisar Calidad y Origen Carrefour 300 g aprox,"1,78 €","7,50 €/kg",https://www.carrefour.es/supermercado/carne-de-anojo-troceada-para-guisar-calidad-y-origen-carrefour-300-g-aprox-calidad-y-origen-carrefour/R-prod1070042/p
El mercado,Piña golden ripe 2 Kg aprox,"2,17 €","0,89 €/kg",https://www.carrefour.es/supermercado/pina-golden-ripe-2-kg-aprox-carrefour/R-521032201/p
El mercado,"Calabaza sepallo a granel 1,5 Kg aprox","1,15 €","1,45 €/kg",https://www.carrefour.es/supermercado/calabaza-sepallo-a-granel-1-5-kg-aprox/R-529916709/p
El mercado,"Pechuga de pollo fileteada Carrefour 1,2 kg aprox","1,13 €","5,95 €/kg",https://www.carrefour.es/supermercado/pechuga-de-pollo-fileteada-carrefour-1-2-kg-aprox-carrefour/R-827513089/p
El mercado,Fresón tarrina 500 g,"0,99 €","3,78 €/kg",https://www.carrefour.es/supermercado/freson-tarrina-500-g-carrefour/R-521032196/p
El mercado,Pan de pueblo sin aditivos 800 g,"0,99 €","1,44 €/kg",https://www.carrefour.es/supermercado/pan-de-pueblo-sin-aditivos-800-g/R-VC4AECOMM-433734/p
El mercado,Salmón Calidad y Origen Carrefour 1 ud de 3 kg aprox,"2,90 €","6,99 €/kg",https://www.carrefour.es/supermercado/salmon-calidad-y-origen-carrefour-1-ud-de-3-kg-aprox-calidad-y-origen-carrefour/R-872703936/p
El mercado,Croissants rellenos de crema de cacao Carrefour 360 g.,"5,50 €","3,14 €/kg",https://www.carrefour.es/supermercado/croissants-rellenos-de-crema-de-cacao-carrefour-360-g-carrefour/R-521007192/p
El mercado,Pan de molde familiar Bimbo 700 g.,"1,84 €","2,63 €/kg",https://www.carrefour.es/supermercado/pan-de-molde-familiar-bimbo-700-g-bimbo/R-prod870005/p
El mercado,Tiras de bacon sabor ahumado Carrefour sin gluten pack de 2 unidades de 100 g.,"1,55 €","7,75 €/kg",https://www.carrefour.es/supermercado/tiras-de-bacon-sabor-ahumado-carrefour-sin-gluten-pack-de-2-unidades-de-100-g-carrefour/R-831313923/p
El mercado,Pan de molde sin corteza Carrefour 450 g.,"0,99 €","2,20 €/kg",https://www.carrefour.es/supermercado/pan-de-molde-sin-corteza-carrefour-450-g/R-VC4AECOMM-443179/p
El mercado,Jamón cocido extra sin fosfatos Bonnatur Argal al corte 150 g aprox,"1,79 €","11,95 €/kg",https://www.carrefour.es/supermercado/jamon-cocido-extra-sin-fosfatos-bonnatur-argal-al-corte-150-g-aprox-argal-bonnatur/R-536500299/p
El mercado,Pan de leche Carrefour 350 g.,"0,93 €","2,66 €/kg",https://www.carrefour.es/supermercado/pan-de-leche-carrefour-350-g-carrefour/R-prod550021/p
El mercado,Jamón cocido extra en lonchas finas 200 g,"1,90 €","9,50 €/kg",https://www.carrefour.es/supermercado/jamon-cocido-extra-en-lonchas-finas-200-g-carrefour/R-fprod1200252/p
El mercado,Filetes de merluza sin piel Pescanova 400 g.,"1,48 €","10,55 €/kg",https://www.carrefour.es/supermercado/filetes-de-merluza-sin-piel-pescanova-400-g-pescanova/R-521031239/p
El mercado,Masa para empanadillas y postres Buitoni 280 g.,"0,78 €","5,29 €/kg",https://www.carrefour.es/supermercado/masa-para-empanadillas-y-postres-buitoni-280-g-buitoni/R-521030336/p
El mercado,Pan de hamburguesa maxi Carrefour 4 ud.,"2,27 €","2,60 €/kg",https://www.carrefour.es/supermercado/pan-de-hamburguesa-maxi-carrefour-4-ud-carrefour/R-521007180/p
El mercado,Preparado para cocido Carrefour 450 g aprox,"1,55 €","5,05 €/kg",https://www.carrefour.es/supermercado/preparado-para-cocido-carrefour-450-g-aprox-carrefour/R-522713961/p
El mercado,Salchichas cocidas Wieners bocadillo Oscar Mayer 275 g.,"3,30 €","5,64 €/kg",https://www.carrefour.es/supermercado/salchichas-cocidas-wieners-bocadillo-oscar-mayer-275-g-oscar-mayer/R-521031121/p
El mercado,Arándanos Carrefour 250 g,"0,87 €","13,20 €/kg",https://www.carrefour.es/supermercado/arandanos-carrefour-250-g/R-VC4AECOMM-457359/p
El mercado,"Trozo de lomo de cerdo Carrefour 1,2 kg aprox","3,41 €","3,89 €/kg",https://www.carrefour.es/supermercado/trozo-de-lomo-de-cerdo-carrefour-1-2-kg-aprox-carrefour/R-684403414/p
El mercado,Pechuga de pavo Campofrío Finissimas 170 g.,"3,44 €","15,29 €/kg",https://www.carrefour.es/supermercado/pechuga-de-pavo-campofrio-finissimas-170-g-campofrio-finissimas/R-521031050/p
El mercado,Pimiento padron Carrefour 200 gr.,"3,39 €","4,35 €/kg",https://www.carrefour.es/supermercado/pimiento-padron-carrefour-200-gr-carrefour/R-prod1090250/p
El mercado,Naranja Calidad y Origen a granel 1 Kg aprox,"0,99 €","1,19 €/kg",https://www.carrefour.es/supermercado/naranja-calidad-y-origen-a-granel-1-kg-aprox-calidad-y-origen-carrefour/R-865000470/p
El mercado,Chuleta de pavo marinada al ajillo Kovo 600 g aprox,"1,15 €","5,69 €/kg",https://www.carrefour.es/supermercado/chuleta-de-pavo-marinada-al-ajillo-kovo-600-g-aprox-kovo/R-668105357/p
El mercado,Contramuslo de pollo Carrefour 1 kg aprox,"2,10 €","3,44 €/kg",https://www.carrefour.es/supermercado/contramuslo-de-pollo-carrefour-1-kg-aprox-carrefour/R-prod68072/p
El mercado,Hamburguesa añojo Calidad y Origen Carrefour 6x90 g,"0,70 €","6,28 €/kg",https://www.carrefour.es/supermercado/hamburguesa-anojo-calidad-y-origen-carrefour-6x90-g/R-VC4AECOMM-578299/p
El mercado,Gamba pelada pequeña congelada Pescatrade 400 g,"4,95 €","12,37 €/kg",https://www.carrefour.es/supermercado/gamba-pelada-pequena-congelada-pescatrade-400-g-pescatrade/R-821300438/p
El mercado,Panecillos para perritos calientes Carrefour 330 g.,"0,67 €","2,03 €/kg",https://www.carrefour.es/supermercado/panecillos-para-perritos-calientes-carrefour-330-g-carrefour/R-fprod1230187/p
El mercado,Corazón de cogollos de lechuga 500 g,"1,79 €","3,58 €/kg",https://www.carrefour.es/supermercado/corazon-de-cogollos-de-lechuga-500-g-calidad-y-origen-carrefour/R-521032337/p
El mercado,Pan Carrefour 5 ud,"1,00 €","2,50 €/kg",https://www.carrefour.es/supermercado/pan-carrefour-5-ud-carrefour/R-711411255/p
El mercado,Granada Carrefour a granel 500 g aprox,"0,87 €","1,75 €/kg",https://www.carrefour.es/supermercado/granada-carrefour-a-granel-500-g-aprox/R-fprod1480259/p
El mercado,Limón ecológico Carrefour Bio 500 g,"1,70 €","3,40 €/kg",https://www.carrefour.es/supermercado/limon-ecologico-carrefour-bio-500-g-carrefour-bio/R-584501555/p
El mercado,Longaniza blanca fresca La Nuncia 500 g,"2,75 €","5,50 €/kg",https://www.carrefour.es/supermercado/longaniza-blanca-fresca-la-nuncia-500-g-la-nuncia/R-761104986/p
El mercado,Pimiento verde 1 Kg,"2,29 €","2,29 €/kg",https://www.carrefour.es/supermercado/pimiento-verde-1-kg/R-636701853/p
El mercado,Tomate raff 1 Kg aprox,"2,00 €","1,89 €/kg",https://www.carrefour.es/supermercado/tomate-raff-1-kg-aprox/R-600709166/p
El mercado,Queso rulo de cabra Carrefour 180 g,"1,09 €","11,11 €/kg",https://www.carrefour.es/supermercado/queso-rulo-de-cabra-carrefour-180-g-carrefour/R-784529321/p
El mercado,Ensalada delicius Carrefour 100 g,"0,96 €","10,90 €/kg",https://www.carrefour.es/supermercado/ensalada-delicius-carrefour-100-g-carrefour/R-757834499/p
El mercado,Pan de molde integral con corteza Carrefour 820 g.,"1,35 €","1,17 €/kg",https://www.carrefour.es/supermercado/pan-de-molde-integral-con-corteza-carrefour-820-g/R-VC4AECOMM-436551/p
El mercado,Tomate kumato 500 g,"1,43 €","2,70 €/kg",https://www.carrefour.es/supermercado/tomate-kumato-500-g/R-521032216/p
El mercado,Queso mozzarella Italiana Galbani 125 g.,"5,45 €","11,44 €/kg",https://www.carrefour.es/supermercado/queso-mozzarella-italiana-galbani-125-g/R-521030592/p
El mercado,Salmón ahumado noruego Carrefour 200 g.,"0,57 €","27,25 €/kg",https://www.carrefour.es/supermercado/salmon-ahumado-noruego-carrefour-200-g-carrefour/R-684504179/p
El mercado,Pan de picos Carrefour 1 ud,"1,86 €","1,68 €/kg",https://www.carrefour.es/supermercado/pan-de-picos-carrefour-1-ud-carrefour/R-fprod1180440/p
El mercado,Pechuga de pavo Campofrío Finissimas 115 g.,"4,25 €","16,17 €/kg",https://www.carrefour.es/supermercado/pechuga-de-pavo-campofrio-finissimas-115-g-campofrio-finissimas/R-530014511/p
El mercado,Aguacate 500 g,"0,79 €","7,73 €/kg",https://www.carrefour.es/supermercado/aguacate-500-g-carrefour/R-854100334/p
El mercado,Fuet casero ElPozo 150 g.,"3,28 €","11,93 €/kg",https://www.carrefour.es/supermercado/fuet-casero-elpozo-150-g-elpozo/R-605401602/p
El mercado,Lechuga iceberg Carrefour 250 g,"1,99 €","3,16 €/kg",https://www.carrefour.es/supermercado/lechuga-iceberg-carrefour-250-g/R-VC4AECOMM-478340/p
El mercado,Patata ecológica Carrefour Bio 2 Kg,"1,74 €","1,64 €/kg",https://www.carrefour.es/supermercado/patata-ecologica-carrefour-bio-2-kg-carrefour-bio/R-600709102/p
El mercado,Albóndigas de cerdo Carrefour 400 g,"0,20 €","1,99 €/ud",https://www.carrefour.es/supermercado/albondigas-de-cerdo-carrefour-400-g-carrefour/R-526530170/p
El mercado,Patata para guarnición Carrefour 1 Kg,"1,59 €","1,59 €/kg",https://www.carrefour.es/supermercado/patata-para-guarnicion-carrefour-1-kg-carrefour/R-693401847/p
El mercado,Salchichas Frankfurt Carrefour pack de 4 unidades 170 g.,"1,40 €","2,06 €/kg",https://www.carrefour.es/supermercado/salchichas-frankfurt-carrefour-pack-de-4-unidades-170-g/R-fprod1460360/p
El mercado,Rúcula y canónigo Carrefour 100 g,"0,95 €","9,50 €/kg",https://www.carrefour.es/supermercado/rucula-y-canonigo-carrefour-100-g-carrefour/R-prod160425/p
El mercado,Rúcula Carrefour 50 g,"0,75 €","15,00 €/kg",https://www.carrefour.es/supermercado/rucula-carrefour-50-g-carrefour/R-757834489/p
El mercado,Pechuga de pollo certificado entera Carrefour 500 g aprox,"3,97 €","7,95 €/kg",https://www.carrefour.es/supermercado/pechuga-de-pollo-certificado-entera-carrefour-500-g-aprox-carrefour/R-prod1020232/p
El mercado,queso havarti light en lonchas Carrefour 200 g.,"1,65 €","8,25 €/kg",https://www.carrefour.es/supermercado/queso-havarti-light-en-lonchas-carrefour-200-g-carrefour/R-521030721/p
El mercado,Pan Burguer chapatta cristalina 2 ud,"1,60 €","6,96 €/kg",https://www.carrefour.es/supermercado/pan-burguer-chapatta-cristalina-2-ud/R-prod860386/p
El mercado,Jamón york el lonchas sándwich El Pozo sin gluten sin lactosa 225 g.,"1,90 €","7,29 €/kg",https://www.carrefour.es/supermercado/jamon-york-el-lonchas-sandwich-el-pozo-sin-gluten-sin-lactosa-225-g-elpozo/R-522714864/p
El mercado,Queso brie 60% M.G Carrefour 200 g,"1,49 €","9,50 €/kg",https://www.carrefour.es/supermercado/queso-brie-60-mg-carrefour-200-g-carrefour/R-783928718/p
El mercado,Tomate cherry 500 g,"1,45 €","2,98 €/kg",https://www.carrefour.es/supermercado/tomate-cherry-500-g/R-VC4AECOMM-600248/p
El mercado,Queso Roquefort D.O.P Carrefour cuña 100 g,"2,60 €","14,50 €/kg",https://www.carrefour.es/supermercado/queso-roquefort-dop-carrefour-cuna-100-g-carrefour/R-785113099/p
El mercado,Bacon cocido ahumado en tiras ElPozo pack (4x60g) envase 240 g,"3,42 €","10,83 €/kg",https://www.carrefour.es/supermercado/bacon-cocido-ahumado-en-tiras-elpozo-pack-4x60g-envase-240-g-elpozo/R-682908990/p
El mercado,Filete de cadera o babilla de ternera 1ªA Calidad y Origen Carrefour 300 g aprox,"1,13 €","11,40 €/kg",https://www.carrefour.es/supermercado/filete-de-cadera-o-babilla-de-ternera-1a-calidad-y-origen-carrefour-300-g-aprox-calidad-y-origen-carrefour/R-prod1070081/p
El mercado,Magdalena cuadrada Carrefour 700 g.,"1,25 €","1,61 €/kg",https://www.carrefour.es/supermercado/magdalena-cuadrada-carrefour-700-g-carrefour/R-521007214/p
El mercado,Morcillo de añojo Calidad y Origen Carrefour 500 g aprox,"2,81 €","7,50 €/kg",https://www.carrefour.es/supermercado/morcillo-de-anojo-calidad-y-origen-carrefour-500-g-aprox-calidad-y-origen-carrefour/R-prod1070079/p
El mercado,Queso rallado en polvo especial pasta El Caserío 100 g.,"2,25 €","12,50 €/kg",https://www.carrefour.es/supermercado/queso-rallado-en-polvo-especial-pasta-el-caserio-100-g/R-VC4AECOMM-420641/p
El mercado,Costillas de cerdo troceadas para guisar Carrefour 500 g aprox,"2,89 €","5,63 €/kg",https://www.carrefour.es/supermercado/costillas-de-cerdo-troceadas-para-guisar-carrefour-500-g-aprox-carrefour/R-521033907/p
El mercado,Longaniza fresca de pollo Carrefour 400 g,"0,68 €","2,25 €/ud",https://www.carrefour.es/supermercado/longaniza-fresca-de-pollo-carrefour-400-g-carrefour/R-711907113/p
El mercado,Hamburguesa de añojo Calidad y Origen Carrefour 2x150 g,"2,31 €","9,63 €/kg",https://www.carrefour.es/supermercado/hamburguesa-de-anojo-calidad-y-origen-carrefour-2x150-g-calidad-y-origen-carrefour/R-prod1070063/p
El mercado,Picos camperos con aceite de oliva virgen extra Carrefour sin lactosa 250 g.,"2,30 €","2,72 €/kg",https://www.carrefour.es/supermercado/picos-camperos-con-aceite-de-oliva-virgen-extra-carrefour-sin-lactosa-250-g-carrefour/R-prod930291/p
El mercado,Jamón cocido Campofrío Finissimas sin gluten 170 g.,"1,59 €","15,29 €/kg",https://www.carrefour.es/supermercado/jamon-cocido-campofrio-finissimas-sin-gluten-170-g-campofrio-finissimas/R-521030979/p
El mercado,Queso cheddar en lonchas Carrefour 200 g.,"1,55 €","7,75 €/kg",https://www.carrefour.es/supermercado/queso-cheddar-en-lonchas-carrefour-200-g-carrefour/R-521030715/p
El mercado,Queso en Polvo especial pasta Carrefour sin gluten 150 g.,"1,30 €","8,67 €/kg",https://www.carrefour.es/supermercado/queso-en-polvo-especial-pasta-carrefour-sin-gluten-150-g-carrefour/R-fprod1350064/p
El mercado,Carrillada de cerdo Carrefour 300 g aprox,"2,98 €","9,95 €/kg",https://www.carrefour.es/supermercado/carrillada-de-cerdo-carrefour-300-g-aprox-elpozo/R-525702451/p
El mercado,Filete de bacalao al punto sal ultracongelado Carrefour 400 g.,"4,60 €","11,50 €/kg",https://www.carrefour.es/supermercado/filete-de-bacalao-al-punto-sal-ultracongelado-carrefour-400-g-carrefour/R-589601121/p
El mercado,Pan de Hamburguesa Carrefour 4 ud 325 g,"1,50 €","5,00 €/kg",https://www.carrefour.es/supermercado/pan-de-hamburguesa-carrefour-4-ud-325-g/R-575702273/p
El mercado,Masa de hojaldre Carrefour 230 g.,"1,10 €","4,78 €/kg",https://www.carrefour.es/supermercado/masa-de-hojaldre-carrefour-230-g-carrefour/R-663201866/p
El mercado,Chorizo extra Carrefour 2 x 120 g,"1,35 €","5,63 €/kg",https://www.carrefour.es/supermercado/chorizo-extra-carrefour-2-x-120-g-carrefour/R-prod1130574/p
El mercado,Colines integrales Carrefour 250 g.,"0,44 €","1,76 €/kg",https://www.carrefour.es/supermercado/colines-integrales-carrefour-250-g-carrefour/R-prod970952/p
El mercado,Lacón cocido y ahumado extra cortado a mano sin gluten y sin lactosa 150 g,"2,12 €","12,47 €/kg",https://www.carrefour.es/supermercado/lacon-cocido-y-ahumado-extra-cortado-a-mano-sin-gluten-y-sin-lactosa-150-g/R-VC4AECOMM-445647/p
El mercado,Pan payés grande Hecho aquí Carrefour 800 g,"2,55 €","2,55 €/ud",https://www.carrefour.es/supermercado/pan-payes-grande-hecho-aqui-carrefour-800-g-carrefour/R-679001901/p
El mercado,"Mandarina con hoja bandeja 1,4 kg","2,93 €","2,09 €/kg",https://www.carrefour.es/supermercado/mandarina-con-hoja-bandeja-1-4-kg/R-VC4AECOMM-425833/p
El mercado,Crema de queso de untar natural Philadelphia pack de 2 unidades de 250 g.,"1,42 €","7,78 €/kg",https://www.carrefour.es/supermercado/crema-de-queso-de-untar-natural-philadelphia-pack-de-2-unidades-de-250-g-philadelphia/R-854600355/p
El mercado,Jamón cocido extra Campofrío al corte 150 g aprox,"3,19 €","9,50 €/kg",https://www.carrefour.es/supermercado/jamon-cocido-extra-campofrio-al-corte-150-g-aprox-campofrio/R-793945569/p
El mercado,Hamburguesa mixta vacuno y cerdo Carrefour 6x90 g,"1,29 €","3,19 €/ud",https://www.carrefour.es/supermercado/hamburguesa-mixta-vacuno-y-cerdo-carrefour-6x90-g-carrefour/R-521034994/p
El mercado,Coliflor Carrefour 1 kg.,"1,99 €","1,29 €/kg",https://www.carrefour.es/supermercado/coliflor-carrefour-1-kg-carrefour/R-521031606/p
El mercado,Lomo embuchado bipack Carrefour 2 ud de 75 g,"1,89 €","13,27 €/kg",https://www.carrefour.es/supermercado/lomo-embuchado-bipack-carrefour-2-ud-de-75-g-carrefour/R-prod720797/p
El mercado,Mini taquitos de jamón curado Carrefour sin lactosa pack de 2 unidades de 75 g.,"0,67 €","12,60 €/kg",https://www.carrefour.es/supermercado/mini-taquitos-de-jamon-curado-carrefour-sin-lactosa-pack-de-2-unidades-de-75-g-carrefour/R-842800642/p
El mercado,Espinacas cortadas en porciones Carrefour 400 g.,"2,20 €","1,67 €/kg",https://www.carrefour.es/supermercado/espinacas-cortadas-en-porciones-carrefour-400-g-carrefour/R-prod490286/p
El mercado,Chorizo de primera especial cocina Palacios 225 g.,"2,74 €","9,78 €/kg",https://www.carrefour.es/supermercado/chorizo-de-primera-especial-cocina-palacios-225-g-palacios/R-521030886/p
El mercado,"Queso semicurado mezcla Carrefour cuña 1/8, 375 g aprox","2,99 €","7,30 €/kg",https://www.carrefour.es/supermercado/queso-semicurado-mezcla-carrefour-cuna-1-8-375-g-aprox-carrefour/R-521033964/p
El mercado,Carne picada de pollo Carrefour 400 g,"3,39 €","2,99 €/ud",https://www.carrefour.es/supermercado/carne-picada-de-pollo-carrefour-400-g-carrefour/R-609801330/p
El mercado,Hamburguesa de pollo Carrefour 6x90 g,"1,89 €","3,39 €/ud",https://www.carrefour.es/supermercado/hamburguesa-de-pollo-carrefour-6x90-g-carrefour/R-609801320/p
El mercado,Pan de molde natural 100% Bimbo sin lactosa 460 g.,"0,89 €","4,11 €/kg",https://www.carrefour.es/supermercado/pan-de-molde-natural-100-bimbo-sin-lactosa-460-g-bimbo/R-638701899/p
El mercado,Lomo Ibérico de cerdo adobado Legado Ibérico ElPozo 200 g,"3,39 €","16,95 €/kg",https://www.carrefour.es/supermercado/lomo-iberico-de-cerdo-adobado-legado-iberico-elpozo-200-g-elpozo/R-530706179/p
El mercado,"Repollo liso nacional 1,5 kg","1,49 €","0,99 €/kg",https://www.carrefour.es/supermercado/repollo-liso-nacional-1-5-kg/R-529916719/p
El mercado,"Queso semicurado mezcla García Baquero cuña 1/8, 420 g aprox","5,04 €","12,00 €/kg",https://www.carrefour.es/supermercado/queso-semicurado-mezcla-garcia-baquero-cuna-1-8-420-g-aprox-garcia-baquero/R-521034164/p
El mercado,Bacon en lonchas Oscar Mayer 150 g.,"1,95 €","13,00 €/kg",https://www.carrefour.es/supermercado/bacon-en-lonchas-oscar-mayer-150-g-oscar-mayer/R-521031060/p
El mercado,Patatas fritas clásicas Carrefour 1 kg.,"0,99 €","0,99 €/kg",https://www.carrefour.es/supermercado/patatas-fritas-clasicas-carrefour-1-kg-carrefour/R-768405799/p
El mercado,Pan de perrito 6 ud 330 g,"1,50 €","4,55 €/kg",https://www.carrefour.es/supermercado/pan-de-perrito-6-ud-330-g/R-606509119/p
El mercado,Palitos de mar 300 g,"1,35 €","4,50 €/kg",https://www.carrefour.es/supermercado/palitos-de-mar-300-g/R-VC4AECOMM-515282/p
El mercado,Salchichas cocidas Jumbo Classic Oscar Mayer 350 g.,"2,99 €","5,49 €/kg",https://www.carrefour.es/supermercado/salchichas-cocidas-jumbo-classic-oscar-mayer-350-g-oscar-mayer/R-521031158/p
El mercado,Manzana pink lady a granel 1 kg aprox,"1,00 €","2,99 €/kg",https://www.carrefour.es/supermercado/manzana-pink-lady-a-granel-1-kg-aprox-carrefour/R-529921851/p
El mercado,Acelga cortada Carrefour 300 g,"0,78 €","3,33 €/kg",https://www.carrefour.es/supermercado/acelga-cortada-carrefour-300-g-carrefour/R-521032384/p
El mercado,Pan rallado de ajo y perejil Carrefour 500 g.,"4,18 €","1,56 €/kg",https://www.carrefour.es/supermercado/pan-rallado-de-ajo-y-perejil-carrefour-500-g-carrefour/R-805763835/p
El mercado,Lomo de atún 300 g aprox,"2,29 €","13,95 €/kg",https://www.carrefour.es/supermercado/lomo-de-atun-300-g-aprox/R-659101740/p
El mercado,Patata roja Carrefour 2 Kg,"2,95 €","1,14 €/kg",https://www.carrefour.es/supermercado/patata-roja-carrefour-2-kg-carrefour/R-527063218/p
El mercado,Pechuga de pavo en lonchas El Pozo sin gluten 200 g.,"4,40 €","10,50 €/kg",https://www.carrefour.es/supermercado/pechuga-de-pavo-en-lonchas-el-pozo-sin-gluten-200-g-elpozo/R-526517485/p
El mercado,Burger Meat de vacuno de Extremadura El Encinar de Humienta 2x180 g,"1,99 €","8,19 €/kg",https://www.carrefour.es/supermercado/burger-meat-de-vacuno-de-extremadura-el-encinar-de-humienta-2x180-g-el-encinar-de-humienta/R-prod60851/p
El mercado,Calamar limpio 400 g.,"1,86 €","11,00 €/kg",https://www.carrefour.es/supermercado/calamar-limpio-400-g/R-521031267/p
El mercado,Frambuesa ecológica 125 g,"3,74 €","15,92 €/kg",https://www.carrefour.es/supermercado/frambuesa-ecologica-125-g/R-prod230238/p
El mercado,Jamón cocido al vapor Campofrío Finissimas sin gluten y sin lactosa 115 g.,"1,69 €","16,17 €/kg",https://www.carrefour.es/supermercado/jamon-cocido-al-vapor-campofrio-finissimas-sin-gluten-y-sin-lactosa-115-g-campofrio-finissimas/R-530014513/p
El mercado,Guisantes finos Findus 1 kg.,"1,79 €","3,74 €/kg",https://www.carrefour.es/supermercado/guisantes-finos-findus-1-kg-findus/R-712515237/p
El mercado,Manzana granny smith a granel 1 Kg aprox,"1,00 €","1,69 €/kg",https://www.carrefour.es/supermercado/manzana-granny-smith-a-granel-1-kg-aprox-carrefour/R-542001785/p
El mercado,Cebolla ecológica Carrefour Bio 1 Kg,"2,10 €","1,79 €/kg",https://www.carrefour.es/supermercado/cebolla-ecologica-carrefour-bio-1-kg-carrefour-bio/R-609202422/p
El mercado,Tomate natural rallado Surinver 230 g,"3,95 €","4,35 €/kg",https://www.carrefour.es/supermercado/tomate-natural-rallado-surinver-230-g/R-602104288/p
El mercado,Carne de pavo para estofado Carrefour 500 g aprox,"2,90 €","5,80 €/kg",https://www.carrefour.es/supermercado/carne-de-pavo-para-estofado-carrefour-500-g-aprox-carrefour/R-prod920165/p
El mercado,Pan rallado Carrefour 750 g.,"0,67 €","0,89 €/kg",https://www.carrefour.es/supermercado/pan-rallado-carrefour-750-g-carrefour/R-805763831/p
El mercado,Chuleta de aguja de cerdo Carrefour 1 kg aprox,"2,80 €","4,15 €/kg",https://www.carrefour.es/supermercado/chuleta-de-aguja-de-cerdo-carrefour-1-kg-aprox-carrefour/R-521032495/p
El mercado,Compango para cocido asturiano 300 g,"6,95 €","9,33 €/kg",https://www.carrefour.es/supermercado/compango-para-cocido-asturiano-300-g-tinin/R-526413865/p
El mercado,Gamba pelada grande Pescatrade 400 g,"2,70 €","17,37 €/kg",https://www.carrefour.es/supermercado/gamba-pelada-grande-pescatrade-400-g-pescatrade/R-820613790/p
El mercado,Queso de untar original Philadelphia 350 g,"0,99 €","7,71 €/kg",https://www.carrefour.es/supermercado/queso-de-untar-original-philadelphia-350-g-philadelphia/R-704404251/p
El mercado,Pan de molde grande Bimbo 375 g.,"1,05 €","2,64 €/kg",https://www.carrefour.es/supermercado/pan-de-molde-grande-bimbo-375-g-bimbo/R-prod870001/p
El mercado,Menestra de verduras Carrefour 1 kg.,"2,99 €","1,05 €/kg",https://www.carrefour.es/supermercado/menestra-de-verduras-carrefour-1-kg-carrefour/R-804031037/p
El mercado,Pack ahorro finas del mar 2 x 200 g,"1,75 €","7,48 €/kg",https://www.carrefour.es/supermercado/pack-ahorro-finas-del-mar-2-x-200-g/R-VC4AECOMM-516845/p
El mercado,Ensalada brotes deluxe Carrefour 110 g,"2,10 €","15,91 €/kg",https://www.carrefour.es/supermercado/ensalada-brotes-deluxe-carrefour-110-g-carrefour/R-625419757/p
El mercado,Salchichas Jumbo de queso Oscar Mayer 350 g.,"2,25 €","6,00 €/kg",https://www.carrefour.es/supermercado/salchichas-jumbo-de-queso-oscar-mayer-350-g-oscar-mayer/R-521031156/p
El mercado,Chuletas de lomo de cerdo Carrefour 500 g aprox,"1,89 €","4,50 €/kg",https://www.carrefour.es/supermercado/chuletas-de-lomo-de-cerdo-carrefour-500-g-aprox-carrefour/R-521032491/p
El mercado,Panecillos para perritos Bimbo 330 g.,"7,70 €","3,42 €/kg",https://www.carrefour.es/supermercado/panecillos-para-perritos-bimbo-330-g-bimbo/R-521007174/p
El mercado,Tomate rama ecológico Carrefour Bio 500 g,"5,95 €","3,78 €/kg",https://www.carrefour.es/supermercado/tomate-rama-ecologico-carrefour-bio-500-g-carrefour-bio/R-600709258/p
El mercado,"Pollo campero limpio Calidad y Origen Carrefour 1,4 kg aprox","1,40 €","5,50 €/kg",https://www.carrefour.es/supermercado/pollo-campero-limpio-calidad-y-origen-carrefour-1-4-kg-aprox-calidad-y-origen-carrefour/R-prod460411/p
El mercado,Lomos salmón congelados Carrefour 480 g.,"3,25 €","12,40 €/kg",https://www.carrefour.es/supermercado/lomos-salmon-congelados-carrefour-480-g-carrefour/R-526501266/p
El mercado,Mini quesitos Babybel pack de 12 unidades de 20 g.,"1,60 €","16,62 €/kg",https://www.carrefour.es/supermercado/mini-quesitos-babybel-pack-de-12-unidades-de-20-g-babybel/R-525964748/p
El mercado,Picos gourmet Carrefour 130 g,"1,54 €","10,77 €/kg",https://www.carrefour.es/supermercado/picos-gourmet-carrefour-130-g-carrefour/R-fprod1460427/p
El mercado,Aguacate maduro ecológico Carrefour Bio 500 g,"3,50 €","6,50 €/kg",https://www.carrefour.es/supermercado/aguacate-maduro-ecologico-carrefour-bio-500-g-carrefour-bio/R-600709262/p
El mercado,Bacon cocido y ahumado en lonchas sin lactosa 120 g,"2,50 €","13,33 €/kg",https://www.carrefour.es/supermercado/bacon-cocido-y-ahumado-en-lonchas-sin-lactosa-120-g/R-VC4AECOMM-445651/p
El mercado,Kiwi sungold ecológico Zepri 500 g,"3,49 €","6,98 €/kg",https://www.carrefour.es/supermercado/kiwi-sungold-ecologico-zepri-500-g-carrefour-bio/R-858900426/p
El mercado,Salchichas cocidas estilo Viena Wieners Oscar Mayer 200 g.,"1,06 €","5,30 €/kg",https://www.carrefour.es/supermercado/salchichas-cocidas-estilo-viena-wieners-oscar-mayer-200-g-oscar-mayer/R-521031119/p
El mercado,Ajo sprint 500 g,"2,15 €","4,30 €/kg",https://www.carrefour.es/supermercado/ajo-sprint-500-g/R-521031665/p
El mercado,Pechuga de Pollo Campero Entera Calidad y Origen Carrefour 450 g aprox,"5,38 €","11,95 €/kg",https://www.carrefour.es/supermercado/pechuga-de-pollo-campero-entera-calidad-y-origen-carrefour-450-g-aprox-calidad-y-origen-carrefour/R-prod460412/p
El mercado,Pan de hamburguesa rústica XXL 4 ud,"1,65 €","4,12 €/kg",https://www.carrefour.es/supermercado/pan-de-hamburguesa-rustica-xxl-4-ud/R-prod190377/p
El mercado,Picatostes fritos sabor clásico Carrefour 75 g.,"0,56 €","7,47 €/kg",https://www.carrefour.es/supermercado/picatostes-fritos-sabor-clasico-carrefour-75-g-carrefour/R-780048332/p
El mercado,Queso de untar light Carrefour 300 g.,"0,99 €","3,30 €/kg",https://www.carrefour.es/supermercado/queso-de-untar-light-carrefour-300-g-carrefour/R-804713850/p
El mercado,Masa de hojaldre rectangular tartas y respostería Buitoni 230 g.,"3,99 €","8,65 €/kg",https://www.carrefour.es/supermercado/masa-de-hojaldre-rectangular-tartas-y-resposteria-buitoni-230-g-buitoni/R-745416204/p
El mercado,Tomate azul a granel 1 Kg aprox,"1,14 €","3,99 €/kg",https://www.carrefour.es/supermercado/tomate-azul-a-granel-1-kg-aprox/R-prod620041/p
El mercado,Masa Pizza Carrefour 260 g.,"3,99 €","4,38 €/kg",https://www.carrefour.es/supermercado/masa-pizza-carrefour-260-g-carrefour/R-521030346/p
El mercado,Patata de galicia padro cachelo 3 Kg,"3,00 €","1,33 €/kg",https://www.carrefour.es/supermercado/patata-de-galicia-padro-cachelo-3-kg/R-521035057/p
El mercado,Fuet casero El Pozo pack de 2 unidades de 150 g.,"1,40 €","10,00 €/kg",https://www.carrefour.es/supermercado/fuet-casero-el-pozo-pack-de-2-unidades-de-150-g-elpozo/R-526501292/p
El mercado,Salchichón extra loncheado Tello bipack 2 envases 120 g,"0,45 €","5,83 €/kg",https://www.carrefour.es/supermercado/salchichon-extra-loncheado-tello-bipack-2-envases-120-g-tello/R-prod72327/p
El mercado,Barra de pan pistola Carrefour 250 g,"3,95 €","1,80 €/kg",https://www.carrefour.es/supermercado/barra-de-pan-pistola-carrefour-250-g-carrefour/R-527063193/p
El mercado,Chirimoya 1 Kg aprox,"0,70 €","3,95 €/kg",https://www.carrefour.es/supermercado/chirimoya-1-kg-aprox/R-530067640/p
El mercado,Ensaladilla Carrefour 1 kg.,"2,25 €","0,70 €/kg",https://www.carrefour.es/supermercado/ensaladilla-carrefour-1-kg-carrefour/R-530014607/p
El mercado,Queso emmental taco Carrefour 250 g,"0,89 €","9,00 €/kg",https://www.carrefour.es/supermercado/queso-emmental-taco-carrefour-250-g-carrefour/R-787575665/p
El mercado,Magdalena redonda Casado 550 g.,"1,15 €","1,62 €/kg",https://www.carrefour.es/supermercado/magdalena-redonda-casado-550-g-casado/R-756203015/p
El mercado,Mollete de Antequera mediano congelado El Antequerano 4 ud,"1,99 €","0,29 €/ud",https://www.carrefour.es/supermercado/mollete-de-antequera-mediano-congelado-el-antequerano-4-ud-dos-equis/R-737026370/p
El mercado,Jamón curado lonchas Navidul sin gluten pack de 2 unidades de 138 g.,"1,00 €","22,46 €/kg",https://www.carrefour.es/supermercado/jamon-curado-lonchas-navidul-sin-gluten-pack-de-2-unidades-de-138-g-navidul/R-521030813/p
El mercado,Chorizo tradicional extra sarta Carrefour sin gluten 280 g.,"1,35 €","7,11 €/kg",https://www.carrefour.es/supermercado/chorizo-tradicional-extra-sarta-carrefour-sin-gluten-280-g-carrefour/R-521030880/p
El mercado,Ensalada Baby Leaf Carrefour 70 g,"2,95 €","14,29 €/kg",https://www.carrefour.es/supermercado/ensalada-baby-leaf-carrefour-70-g-carrefour/R-521032368/p
El mercado,Patatas prefritas con piel Carrefour 600 g.,"0,90 €","1,50 €/kg",https://www.carrefour.es/supermercado/patatas-prefritas-con-piel-carrefour-600-g-carrefour/R-521031642/p
El mercado,Queso rallado emmental Especial pastas Président 150 g.,"2,00 €","13,33 €/kg",https://www.carrefour.es/supermercado/queso-rallado-emmental-especial-pastas-president-150-g-president/R-521030776/p
El mercado,Tomate rama Carrefour 500 g,"1,85 €","3,70 €/kg",https://www.carrefour.es/supermercado/tomate-rama-carrefour-500-g-carrefour/R-prod1090035/p
El mercado,Solomillo de vacuno 500 g aprox,"9,97 €","19,95 €/kg",https://www.carrefour.es/supermercado/solomillo-de-vacuno-500-g-aprox-carrefour/R-867800666/p
El mercado,Pechuga de Pavo braseada Campofrío Finissimas 115 g.,"1,86 €","16,17 €/kg",https://www.carrefour.es/supermercado/pechuga-de-pavo-braseada-campofrio-finissimas-115-g-campofrio-finissimas/R-521033017/p
El mercado,"Pechuga de pollo Carrefour 1,2 kg aprox","1,30 €","3,99 €/kg",https://www.carrefour.es/supermercado/pechuga-de-pollo-carrefour-1-2-kg-aprox-carrefour/R-644001825/p
El mercado,Hueso de vacuno Carrefour 450 g aprox,"0,92 €","2,90 €/kg",https://www.carrefour.es/supermercado/hueso-de-vacuno-carrefour-450-g-aprox-carrefour/R-521032444/p
El mercado,Mix rallado especial gratinado 200 g.,"1,69 €","4,60 €/kg",https://www.carrefour.es/supermercado/mix-rallado-especial-gratinado-200-g-producto-blanco/R-685107065/p
El mercado,Calabaza ecológica a granel Carrefour Bio 1 kg aprox,"3,49 €","1,69 €/kg",https://www.carrefour.es/supermercado/calabaza-ecologica-a-granel-carrefour-bio-1-kg-aprox/R-fprod1470244/p
El mercado,Jamón serrano reserva en lonchas entera Carrefour sin lactosa 240 g.,"3,65 €","14,54 €/kg",https://www.carrefour.es/supermercado/jamon-serrano-reserva-en-lonchas-entera-carrefour-sin-lactosa-240-g/R-VC4AECOMM-436279/p
El mercado,Pechuga de pavo Braseado Campofrío Finissimas sin gluten 170 g.,"4,70 €","15,29 €/kg",https://www.carrefour.es/supermercado/pechuga-de-pavo-braseado-campofrio-finissimas-sin-gluten-170-g-campofrio-finissimas/R-732215543/p
El mercado,Traseros de pollo certificado Carrefour 880 g aprox,"1,85 €","4,15 €/kg",https://www.carrefour.es/supermercado/traseros-de-pollo-certificado-carrefour-880-g-aprox-carrefour/R-791562921/p
El mercado,Lomos de merluza ultracongelados Pescanova 400 g.,"1,35 €","13,06 €/kg",https://www.carrefour.es/supermercado/lomos-de-merluza-ultracongelados-pescanova-400-g-pescanova/R-521031241/p
El mercado,Jamón de cerdo troceado Carrefour 500 g aprox,"5,75 €","3,25 €/kg",https://www.carrefour.es/supermercado/jamon-de-cerdo-troceado-carrefour-500-g-aprox-carrefour/R-521032507/p
El mercado,Berenjena Carrefour Bio 2 Piezas,"2,31 €","3,70 €/kg",https://www.carrefour.es/supermercado/berenjena-carrefour-bio-2-piezas-carrefour-bio/R-fprod1450030/p
El mercado,Tostadas mini extrafinas Bimbo 100 g.,"2,94 €","13,50 €/kg",https://www.carrefour.es/supermercado/tostadas-mini-extrafinas-bimbo-100-g-bimbo/R-521002580/p
El mercado,La auténtica La Gula del Norte 2 x 110 g,"2,74 €","26,14 €/kg",https://www.carrefour.es/supermercado/la-autentica-la-gula-del-norte-2-x-110-g-la-gula-del-norte/R-521032010/p
El mercado,"Patatas fritas clásicas congeladas Carrefour 2,5 kg.","2,58 €","0,92 €/kg",https://www.carrefour.es/supermercado/patatas-fritas-clasicas-congeladas-carrefour-2-5-kg-carrefour/R-538002716/p
El mercado,Jamón cocido extra en lonchas El Pozo sin lactosa 200 g.,"2,25 €","10,50 €/kg",https://www.carrefour.es/supermercado/jamon-cocido-extra-en-lonchas-el-pozo-sin-lactosa-200-g-elpozo/R-522714839/p
El mercado,Filetes finos de redondo de añojo Calidad y Origen Carrefor 300 g aprox,"2,90 €","9,80 €/kg",https://www.carrefour.es/supermercado/filetes-finos-de-redondo-de-anojo-calidad-y-origen-carrefor-300-g-aprox-calidad-y-origen-carrefour/R-prod1070083/p
El mercado,Tomate cherry pera ecológico 250 g,"1,15 €","4,60 €/kg",https://www.carrefour.es/supermercado/tomate-cherry-pera-ecologico-250-g-carrefour-bio/R-prod410179/p
El mercado,Berlina glace Donuts 4 ud.,"1,99 €","9,57 €/kg",https://www.carrefour.es/supermercado/berlina-glace-donuts-4-ud-donuts/R-715505820/p
El mercado,Pan tostado clásico Carrefour 720 g.,"1,87 €","2,60 €/kg",https://www.carrefour.es/supermercado/pan-tostado-clasico-carrefour-720-g/R-VC4AECOMM-446769/p
El mercado,Mejillón fresco ecológico Carrefour Bio 1 kg,"1,89 €","1,89 €/kg",https://www.carrefour.es/supermercado/mejillon-fresco-ecologico-carrefour-bio-1-kg-carrefour-bio/R-prod630151/p
El mercado,Salchichas cocidas estilo Viena Wieners con queso Oscar Mayer 200 g.,"1,03 €","5,15 €/kg",https://www.carrefour.es/supermercado/salchichas-cocidas-estilo-viena-wieners-con-queso-oscar-mayer-200-g-oscar-mayer/R-521031123/p
El mercado,Ajo ecológico Carrefour Bio 3 uds,"1,45 €","1,45 €/ud",https://www.carrefour.es/supermercado/ajo-ecologico-carrefour-bio-3-uds-carrefour-bio/R-646001855/p
El mercado,Pan de molde con grano entero 12 cereales Bimbo-Oreweat 680 g.,"2,65 €","3,90 €/kg",https://www.carrefour.es/supermercado/pan-de-molde-con-grano-entero-12-cereales-bimbo-oreweat-680-g-bimbo-oroweat/R-754402172/p
El mercado,Regañás con sésamo y aceite de oliva virgen extra Carrefour sin lactosa 250 g.,"0,68 €","2,72 €/kg",https://www.carrefour.es/supermercado/reganas-con-sesamo-y-aceite-de-oliva-virgen-extra-carrefour-sin-lactosa-250-g-carrefour/R-prod930222/p
El mercado,Ensalada gourmet Carrefour 320 g,"1,75 €","5,47 €/kg",https://www.carrefour.es/supermercado/ensalada-gourmet-carrefour-320-g-carrefour/R-521032361/p
El mercado,Chorizo casero extra sarta Palacios 250 g.,"3,46 €","13,84 €/kg",https://www.carrefour.es/supermercado/chorizo-casero-extra-sarta-palacios-250-g-palacios/R-521030888/p
El mercado,Filetes de cinta de lomo de cerdo Carrefour 800 g aprox,"5,04 €","6,30 €/kg",https://www.carrefour.es/supermercado/filetes-de-cinta-de-lomo-de-cerdo-carrefour-800-g-aprox-carrefour/R-521032487/p
El mercado,Filetes de bacalao ultracongelado Pescanova 400 g.,"6,25 €","15,62 €/kg",https://www.carrefour.es/supermercado/filetes-de-bacalao-ultracongelado-pescanova-400-g-pescanova/R-521031261/p
El mercado,Pan de molde integral sin corteza 8 cereales Bimbo Silueta 450 g.,"1,42 €","4,42 €/kg",https://www.carrefour.es/supermercado/pan-de-molde-integral-sin-corteza-8-cereales-bimbo-silueta-450-g-bimbo-silueta/R-521007164/p
El mercado,Bacon ahumado lonchas El Pozo 150 g.,"1,77 €","10,47 €/kg",https://www.carrefour.es/supermercado/bacon-ahumado-lonchas-el-pozo-150-g-elpozo/R-732408884/p
El mercado,Filete de cabeza de lomo de cerdo Carrefour 450 g aprox,"3,99 €","3,60 €/kg",https://www.carrefour.es/supermercado/filete-de-cabeza-de-lomo-de-cerdo-carrefour-450-g-aprox-carrefour/R-521034617/p
El mercado,Endivia Carrefour 450 g,"4,50 €","3,16 €/kg",https://www.carrefour.es/supermercado/endivia-carrefour-450-g/R-VC4AECOMM-436933/p
El mercado,Seta Carrefour 250 g aprox,"1,60 €","7,10 €/kg",https://www.carrefour.es/supermercado/seta-carrefour-250-g-aprox-carrefour/R-fprod1220121/p
El mercado,Preparado de paella de marisco congelado 600 g,"2,35 €","6,65 €/kg",https://www.carrefour.es/supermercado/preparado-de-paella-de-marisco-congelado-600-g-carrefour/R-prod690175/p
El mercado,Empanada rectangular de atún 700 g,"2,60 €","4,50 €/ud",https://www.carrefour.es/supermercado/empanada-rectangular-de-atun-700-g-carrefour/R-566001794/p
El mercado,Edamame vainas de soja Carrefour 500 g.,"2,49 €","3,20 €/kg",https://www.carrefour.es/supermercado/edamame-vainas-de-soja-carrefour-500-g/R-VC4AECOMM-442121/p
El mercado,Naranja selecta 1 Kg,"4,90 €","2,35 €/kg",https://www.carrefour.es/supermercado/naranja-selecta-1-kg-carrefour/R-prod74314/p
El mercado,Crema de queso de untar light Philadelphia pack de 2 unidades de 250 g.,"1,15 €","7,78 €/kg",https://www.carrefour.es/supermercado/crema-de-queso-de-untar-light-philadelphia-pack-de-2-unidades-de-250-g-philadelphia/R-854600353/p
El mercado,Bollo con pepitas de chocolate con leche Weikis La Bella Easo 6 ud.,"1,55 €","7,96 €/kg",https://www.carrefour.es/supermercado/bollo-con-pepitas-de-chocolate-con-leche-weikis-la-bella-easo-6-ud-la-bella-easo/R-521007263/p
El mercado,Patatas congeladas extra finas Carrefour 1 kg.,"3,19 €","1,15 €/kg",https://www.carrefour.es/supermercado/patatas-congeladas-extra-finas-carrefour-1-kg-carrefour/R-521031644/p
El mercado,Queso blanco pasteurizado natural suave Carrefour pack de 2 unidades de 250 g.,"4,40 €","3,10 €/kg",https://www.carrefour.es/supermercado/queso-blanco-pasteurizado-natural-suave-carrefour-pack-de-2-unidades-de-250-g-carrefour/R-521030549/p
El mercado,Pechuga de Pavo marinada al pimentón Aldelís 500 g aprox,"2,01 €","6,39 €/kg",https://www.carrefour.es/supermercado/pechuga-de-pavo-marinada-al-pimenton-aldelis-500-g-aprox-kovo/R-805505307/p
El mercado,Chorizo oreado sin aditivos Carrefour 400 g,"4,30 €","11,00 €/kg",https://www.carrefour.es/supermercado/chorizo-oreado-sin-aditivos-carrefour-400-g-carrefour/R-prod420144/p
El mercado,Queso rallado mozzarella y provolone Miraflores 150 g.,"4,99 €","13,40 €/kg",https://www.carrefour.es/supermercado/queso-rallado-mozzarella-y-provolone-miraflores-150-g-miraflores/R-819256172/p
El mercado,Salchichas frescas de pollo de corral Coren 350 g,"3,50 €","12,29 €/kg",https://www.carrefour.es/supermercado/salchichas-frescas-de-pollo-de-corral-coren-350-g-coren/R-prod720728/p
El mercado,"Mandarina 1,5 kg","0,99 €","3,33 €/kg",https://www.carrefour.es/supermercado/mandarina-1-5-kg-carrefour/R-575401793/p
El mercado,Pechuga de pavo Campofrío al corte 150 g aprox,"1,89 €","8,95 €/kg",https://www.carrefour.es/supermercado/pechuga-de-pavo-campofrio-al-corte-150-g-aprox-campofrio/R-792400183/p
El mercado,Langostino cocido (30/40 ud) 500 g aprox,"1,59 €","8,95 €/kg",https://www.carrefour.es/supermercado/langostino-cocido-30-40-ud-500-g-aprox/R-530102403/p
El mercado,Hamburguesa de pavo y pollo sin lactosa Carrefour 6x90 g,"2,05 €","6,48 €/kg",https://www.carrefour.es/supermercado/hamburguesa-de-pavo-y-pollo-sin-lactosa-carrefour-6x90-g-carrefour/R-fprod1430144/p
El mercado,Queso fresco batido 0% m.g Carrefour 500 g.,"3,25 €","1,98 €/kg",https://www.carrefour.es/supermercado/queso-fresco-batido-0-mg-carrefour-500-g-carrefour/R-526501224/p
El mercado,Pechuga de pollo al horno en tiras Carrefour sin gluten 140 g.,"0,95 €","13,50 €/kg",https://www.carrefour.es/supermercado/pechuga-de-pollo-al-horno-en-tiras-carrefour-sin-gluten-140-g/R-VC4AECOMM-476943/p
El mercado,Zanahoria manojo de 750 g,"0,99 €","2,12 €/kg",https://www.carrefour.es/supermercado/zanahoria-manojo-de-750-g/R-521031703/p
El mercado,Espetec extra Casa Tarradellas 185 g.,"1,89 €","11,39 €/kg",https://www.carrefour.es/supermercado/espetec-extra-casa-tarradellas-185-g-casa-tarradellas/R-521030843/p
El mercado,Queso camembert cremoso Carrefour 250 g,"1,25 €","7,16 €/kg",https://www.carrefour.es/supermercado/queso-camembert-cremoso-carrefour-250-g-carrefour/R-783928696/p
El mercado,Kiwi selecta Zespri 500 g,"1,82 €","0,81 €/ud",https://www.carrefour.es/supermercado/kiwi-selecta-zespri-500-g-carrefour/R-804032185/p
El mercado,Patatas baby para microondas 400 g,"2,30 €","2,37 €/kg",https://www.carrefour.es/supermercado/patatas-baby-para-microondas-400-g/R-711901783/p
El mercado,Lima Carrefour 300 g,"1,00 €","3,33 €/kg",https://www.carrefour.es/supermercado/lima-carrefour-300-g/R-VC4AECOMM-485748/p
El mercado,"Traseros de pollo Carrefour 1,6 kg aprox","1,00 €","1,95 €/kg",https://www.carrefour.es/supermercado/traseros-de-pollo-carrefour-1-6-kg-aprox-carrefour/R-644001819/p
El mercado,Salchichas cocidas de pavo 'Todo Ave' Oscar Mayer 200 g.,"3,00 €","5,00 €/kg",https://www.carrefour.es/supermercado/salchichas-cocidas-de-pavo-todo-ave-oscar-mayer-200-g-oscar-mayer/R-521031129/p
El mercado,Tortilla de patata con cebolla 600 g,"1,52 €","3,00 €/ud",https://www.carrefour.es/supermercado/tortilla-de-patata-con-cebolla-600-g-palacios/R-538003214/p
El mercado,"Chorizo pamplona en lonchas Carrefour pack de 2 unidades de 112,5 g.","2,00 €","6,76 €/kg",https://www.carrefour.es/supermercado/chorizo-pamplona-en-lonchas-carrefour-pack-de-2-unidades-de-112-5-g-carrefour/R-522714826/p
El mercado,Cocktail de picos de pan 500 g,"0,69 €","4,00 €/kg",https://www.carrefour.es/supermercado/cocktail-de-picos-de-pan-500-g/R-604204035/p
El mercado,Ensaimada Carrefour 220 g.,"2,25 €","3,14 €/kg",https://www.carrefour.es/supermercado/ensaimada-carrefour-220-g-carrefour/R-521007269/p
El mercado,Jamón cocido extra en lonchas sin gluten y sin lactosa 180 g,"9,09 €","12,50 €/kg",https://www.carrefour.es/supermercado/jamon-cocido-extra-en-lonchas-sin-gluten-y-sin-lactosa-180-g/R-VC4AECOMM-445645/p
El mercado,Salmón ahumado noruego Carrefour pack de 2 unidades de 180 g.,"1,99 €","25,25 €/kg",https://www.carrefour.es/supermercado/salmon-ahumado-noruego-carrefour-pack-de-2-unidades-de-180-g-carrefour/R-fprod1360268/p
El mercado,Cebolla dulce 1 Kg,"5,50 €","1,99 €/kg",https://www.carrefour.es/supermercado/cebolla-dulce-1-kg/R-782678342/p
El mercado,Medallones de filete de merluza Pescanova 400 g.,"0,99 €","13,75 €/kg",https://www.carrefour.es/supermercado/medallones-de-filete-de-merluza-pescanova-400-g-pescanova/R-521031253/p
El mercado,Pechuga de pavo en finas lonchas El Pozo Bienstar 85 g.,"1,49 €","10,89 €/kg",https://www.carrefour.es/supermercado/pechuga-de-pavo-en-finas-lonchas-el-pozo-bienstar-85-g-elpozo-bienstar/R-711411029/p
El mercado,Judía troceada Carrefour 1 kg.,"4,60 €","0,99 €/kg",https://www.carrefour.es/supermercado/judia-troceada-carrefour-1-kg-carrefour/R-521031547/p
El mercado,Naranja selecta 1 Kg aprox,"0,59 €","1,79 €/kg",https://www.carrefour.es/supermercado/naranja-selecta-1-kg-aprox-carrefour/R-584501507/p
El mercado,Pimiento rojo Carrefour a granel 1 kg aprox,"1,59 €","1,49 €/kg",https://www.carrefour.es/supermercado/pimiento-rojo-carrefour-a-granel-1-kg-aprox/R-VC4AECOMM-394514/p
El mercado,Preparado de Carne Picada de Cerdo Carrefour doble seno 900 g,"0,92 €","5,11 €/kg",https://www.carrefour.es/supermercado/preparado-de-carne-picada-de-cerdo-carrefour-doble-seno-900-g-carrefour/R-fprod1220400/p
El mercado,Biscottes mini normales Carrefour 120 g.,"2,55 €","4,92 €/kg",https://www.carrefour.es/supermercado/biscottes-mini-normales-carrefour-120-g-carrefour/R-521008642/p
El mercado,Queso rallado 4 Quesos Président 150 g.,"2,99 €","12,40 €/kg",https://www.carrefour.es/supermercado/queso-rallado-4-quesos-president-150-g-president/R-521030774/p
El mercado,Cebolla echalotte Carrefour 250 g,"1,20 €","6,36 €/kg",https://www.carrefour.es/supermercado/cebolla-echalotte-carrefour-250-g-carrefour/R-521031961/p
El mercado,"Alas de pollo Carrefour 1,4 kg aprox","0,82 €","3,45 €/kg",https://www.carrefour.es/supermercado/alas-de-pollo-carrefour-1-4-kg-aprox-carrefour/R-644001821/p
El mercado,Palmeras crujientes Carrefour 270 g.,"1,54 €","3,04 €/kg",https://www.carrefour.es/supermercado/palmeras-crujientes-carrefour-270-g-carrefour/R-786081639/p
El mercado,Magdalenas Valencianas Casado 24 ud.,"3,37 €","2,20 €/kg",https://www.carrefour.es/supermercado/magdalenas-valencianas-casado-24-ud-casado/R-819256724/p
El mercado,Solomillo de pollo marinado empanado Extratiernos ElPozo 500 g,"1,04 €","6,75 €/kg",https://www.carrefour.es/supermercado/solomillo-de-pollo-marinado-empanado-extratiernos-elpozo-500-g-elpozo/R-826005231/p
El mercado,Queso fresco de Burgos Carrefour 150 g aprox,"1,56 €","6,95 €/kg",https://www.carrefour.es/supermercado/queso-fresco-de-burgos-carrefour-150-g-aprox-carrefour/R-603504386/p
El mercado,Salchichón Ibérico extra en lonchas Carrefour sin gluten 100 g.,"2,70 €","15,60 €/kg",https://www.carrefour.es/supermercado/salchichon-iberico-extra-en-lonchas-carrefour-sin-gluten-100-g-carrefour/R-521030859/p
El mercado,Queso de untar light Philadelphia 350 g.,"2,99 €","7,71 €/kg",https://www.carrefour.es/supermercado/queso-de-untar-light-philadelphia-350-g-philadelphia/R-704404249/p
El mercado,Queso tierno en lonchas El Ventero 200 g.,"2,80 €","14,95 €/kg",https://www.carrefour.es/supermercado/queso-tierno-en-lonchas-el-ventero-200-g-el-ventero/R-521030521/p
El mercado,Masa de pizza finissima Maxi Buitoni 385 g.,"1,56 €","8,00 €/kg",https://www.carrefour.es/supermercado/masa-de-pizza-finissima-maxi-buitoni-385-g-buitoni/R-800766466/p
El mercado,Chorizo Ibérico extra en lonchas Carrefour sin gluten 100 g.,"2,45 €","15,60 €/kg",https://www.carrefour.es/supermercado/chorizo-iberico-extra-en-lonchas-carrefour-sin-gluten-100-g-carrefour/R-521030936/p
El mercado,Chuleta de pavo Carrefour 500 g aprox,"5,95 €","4,90 €/kg",https://www.carrefour.es/supermercado/chuleta-de-pavo-carrefour-500-g-aprox-carrefour/R-prod920185/p
El mercado,Queso parmesano reggiano D.O.P. Parmeggio Hispano Italiana 200 g,"6,36 €","29,75 €/kg",https://www.carrefour.es/supermercado/queso-parmesano-reggiano-dop-parmeggio-hispano-italiana-200-g/R-522715077/p
El mercado,Preparado de cocido con morcillo Carrefour 800 g aprox,"1,99 €","7,95 €/kg",https://www.carrefour.es/supermercado/preparado-de-cocido-con-morcillo-carrefour-800-g-aprox-carrefour/R-526205027/p
El mercado,Feta griega Carrefour 200 g.,"1,35 €","9,95 €/kg",https://www.carrefour.es/supermercado/feta-griega-carrefour-200-g-carrefour/R-590504836/p
El mercado,Judía fina flow pack 250 g,"1,94 €","5,40 €/kg",https://www.carrefour.es/supermercado/judia-fina-flow-pack-250-g/R-521015254/p
El mercado,Entrecot de vacuno para la piedra 500 g aprox,"2,67 €","10,50 €/kg",https://www.carrefour.es/supermercado/entrecot-de-vacuno-para-la-piedra-500-g-aprox/R-prod710165/p
El mercado,Jamón cocido en finas lochas Casa Tarradellas 125 g.,"1,15 €","15,52 €/kg",https://www.carrefour.es/supermercado/jamon-cocido-en-finas-lochas-casa-tarradellas-125-g-casa-tarradellas/R-521030993/p
El mercado,Papaya 500 g aprox,"0,75 €","5,35 €/kg",https://www.carrefour.es/supermercado/papaya-500-g-aprox-carrefour/R-530066910/p
El mercado,Albahaca cortada Carrefour 20 g,"1,60 €","57,50 €/kg",https://www.carrefour.es/supermercado/albahaca-cortada-carrefour-20-g-carrefour/R-600805215/p
El mercado,Baguette precocida Carrefour pack de 2 unidades de 150 g.,"1,61 €","2,50 €/kg",https://www.carrefour.es/supermercado/baguette-precocida-carrefour-pack-de-2-unidades-de-150-g-carrefour/R-551901772/p
El mercado,Taquitos de jamón serrano Navidul sin gluten 120 g.,"1,65 €","16,67 €/kg",https://www.carrefour.es/supermercado/taquitos-de-jamon-serrano-navidul-sin-gluten-120-g-navidul/R-521030817/p
El mercado,Pan de molde integral sin corteza Carrefour 450 g.,"0,99 €","2,20 €/kg",https://www.carrefour.es/supermercado/pan-de-molde-integral-sin-corteza-carrefour-450-g/R-VC4AECOMM-436738/p
El mercado,Carne picada de cerdo Ibérico Legado ElPozo 400 g,"2,85 €","7,12 €/kg",https://www.carrefour.es/supermercado/carne-picada-de-cerdo-iberico-legado-elpozo-400-g-legado-elpozo/R-607902468/p
El mercado,Jamón cocido extra lonchas finas y enteras Argal Bonnatur sin gluten sin lactosa 140 g.,"2,10 €","15,00 €/kg",https://www.carrefour.es/supermercado/jamon-cocido-extra-lonchas-finas-y-enteras-argal-bonnatur-sin-gluten-sin-lactosa-140-g-argal-bonnatur/R-795189296/p
El mercado,"Queso semicurado mezcla Granja de la Luz cuña 1/8, 375 g aprox","3,08 €","8,20 €/kg",https://www.carrefour.es/supermercado/queso-semicurado-mezcla-granja-de-la-luz-cuna-1-8-375-g-aprox-granja-la-luz/R-824405427/p
El mercado,Pan de la abuela integral 100%,"0,99 €","2,75 €/kg",https://www.carrefour.es/supermercado/pan-de-la-abuela-integral-100/R-VC4AECOMM-550656/p
El mercado,Jamón serrano reserva medias lonchas Carrefour sin lactosa 70 g.,"0,99 €","14,14 €/kg",https://www.carrefour.es/supermercado/jamon-serrano-reserva-medias-lonchas-carrefour-sin-lactosa-70-g/R-VC4AECOMM-436278/p
El mercado,Queso desnatado fresco Burgo de Arias pack de 6 unidades de 72 g.,"3,95 €","9,14 €/kg",https://www.carrefour.es/supermercado/queso-desnatado-fresco-burgo-de-arias-pack-de-6-unidades-de-72-g-burgo-de-arias/R-526501342/p
El mercado,Guisante fino Findus 400 g.,"4,62 €","4,12 €/kg",https://www.carrefour.es/supermercado/guisante-fino-findus-400-g-findus/R-617901853/p
El mercado,Chuleta de Sajonia 500 g aprox,"2,25 €","9,25 €/kg",https://www.carrefour.es/supermercado/chuleta-de-sajonia-500-g-aprox/R-VC4AECOMM-503736/p
El mercado,Mora de España Onuba Fruit 125 g,"1,45 €","18,00 €/kg",https://www.carrefour.es/supermercado/mora-de-espana-onuba-fruit-125-g-carrefour/R-521032199/p
El mercado,Corazón de lechuga romana 650 g,"2,89 €","0,72 €/ud",https://www.carrefour.es/supermercado/corazon-de-lechuga-romana-650-g-carrefour/R-521032315/p
El mercado,Pechuga de pavo en lonchas finas bajo contenido en grasas y reducido en sal Carefour sin gluten pack de 2 unidades de 200 g.,"2,69 €","7,22 €/kg",https://www.carrefour.es/supermercado/pechuga-de-pavo-en-lonchas-finas-bajo-contenido-en-grasas-y-reducido-en-sal-carefour-sin-gluten-pack-de-2-unidades-de-200-g/R-VC4AECOMM-472699/p
El mercado,Pimiento rojo ecológico Carrefour Bio 400 g,"1,99 €","6,72 €/kg",https://www.carrefour.es/supermercado/pimiento-rojo-ecologico-carrefour-bio-400-g-carrefour-bio/R-prod930175/p
El mercado,Hogaza de masa madre The Rustik Bakery 450 g.,"3,06 €","4,42 €/kg",https://www.carrefour.es/supermercado/hogaza-de-masa-madre-the-rustik-bakery-450-g-the-rustik-bakery/R-823507267/p
El mercado,Filetes de tapa o contra de Añojo Calidad y Origen Carrefour 300 g aprox,"1,15 €","10,20 €/kg",https://www.carrefour.es/supermercado/filetes-de-tapa-o-contra-de-anojo-calidad-y-origen-carrefour-300-g-aprox-calidad-y-origen-carrefour/R-prod1070084/p
El mercado,Corazón de escarola Carrefour 150 g,"1,64 €","7,67 €/kg",https://www.carrefour.es/supermercado/corazon-de-escarola-carrefour-150-g-carrefour/R-521032343/p
El mercado,Mortadela con aceitunas lonchas El Pozo sin gluten 225 g.,"0,99 €","7,29 €/kg",https://www.carrefour.es/supermercado/mortadela-con-aceitunas-lonchas-el-pozo-sin-gluten-225-g-elpozo/R-521010074/p
El mercado,Zanahoria ecológica granel 500 g aprox,"0,77 €","1,99 €/kg",https://www.carrefour.es/supermercado/zanahoria-ecologica-granel-500-g-aprox/R-prod65641/p
El mercado,Zanahoria baby Carrefour 400 g.,"2,00 €","1,92 €/kg",https://www.carrefour.es/supermercado/zanahoria-baby-carrefour-400-g-carrefour/R-521031626/p
El mercado,Hogaza de pan natural 100% rebanada 500 g,"0,59 €","4,00 €/kg",https://www.carrefour.es/supermercado/hogaza-de-pan-natural-100-rebanada-500-g/R-701802680/p
El mercado,Pan de molde con corteza Carrefour 460 g.,"2,40 €","1,28 €/kg",https://www.carrefour.es/supermercado/pan-de-molde-con-corteza-carrefour-460-g/R-VC4AECOMM-443183/p
El mercado,Lomo curado embuchado loncheado Embutidos España bipack (2x75g) envase 150 g,"1,79 €","16,00 €/kg",https://www.carrefour.es/supermercado/lomo-curado-embuchado-loncheado-embutidos-espana-bipack-2x75g-envase-150-g-embutidos-y-jamones-espana-e-hijos/R-826004893/p
El mercado,Bacon ahumado cocido 200 g,"1,19 €","8,95 €/kg",https://www.carrefour.es/supermercado/bacon-ahumado-cocido-200-g-carrefour/R-fprod1420043/p
El mercado,Queso fundido 24 porciones Carrefour Kids 400 g.,"1,42 €","3,55 €/kg",https://www.carrefour.es/supermercado/queso-fundido-24-porciones-carrefour-kids-400-g-carrefour-kids/R-521007332/p
El mercado,Queso mozzarella Italiana light Galbani 125 g.,"1,43 €","11,44 €/kg",https://www.carrefour.es/supermercado/queso-mozzarella-italiana-light-galbani-125-g-galbani/R-522714316/p
El mercado,Constramuslo de pavo fileteado Carrefour 500 g aprox,"2,97 €","5,95 €/kg",https://www.carrefour.es/supermercado/constramuslo-de-pavo-fileteado-carrefour-500-g-aprox-carrefour/R-prod920180/p
El mercado,Panecillo integral 51% Carrefour 5 ud,"1,00 €","0,20 €/ud",https://www.carrefour.es/supermercado/panecillo-integral-51-carrefour-5-ud-carrefour/R-837617109/p
El mercado,Taquitos de chorizo extra Carrefour sin gluten 100 g.,"1,15 €","11,50 €/kg",https://www.carrefour.es/supermercado/taquitos-de-chorizo-extra-carrefour-sin-gluten-100-g-carrefour/R-530363222/p
El mercado,Chorizo dulce sin gluten 200 g.,"1,28 €","6,40 €/kg",https://www.carrefour.es/supermercado/chorizo-dulce-sin-gluten-200-g-producto-blanco/R-871900849/p
El mercado,Tinta de sepia congelada 2 ud de 4 g,"0,29 €","0,29 €/ud",https://www.carrefour.es/supermercado/tinta-de-sepia-congelada-2-ud-de-4-g/R-prod64592/p
El mercado,Kiwi ecológico Zespri 500 g,"2,39 €","4,78 €/kg",https://www.carrefour.es/supermercado/kiwi-ecologico-zespri-500-g-carrefour-bio/R-699308899/p
El mercado,Mortadela de pavo en lonchas El Pozo sin gluten 225 g.,"1,78 €","7,91 €/kg",https://www.carrefour.es/supermercado/mortadela-de-pavo-en-lonchas-el-pozo-sin-gluten-225-g-elpozo/R-521033145/p
El mercado,Jamoncitos de pollo Carrefour 500 g aprox,"2,57 €","5,15 €/kg",https://www.carrefour.es/supermercado/jamoncitos-de-pollo-carrefour-500-g-aprox-carrefour/R-prod1020234/p
El mercado,Chorizo picante extra sarta Carrefour sin gluten 280 g.,"1,99 €","7,11 €/kg",https://www.carrefour.es/supermercado/chorizo-picante-extra-sarta-carrefour-sin-gluten-280-g-carrefour/R-521030882/p
El mercado,Pata de pulpo cocido 300 g,"9,95 €","33,17 €/kg",https://www.carrefour.es/supermercado/pata-de-pulpo-cocido-300-g-merimar/R-526010749/p
El mercado,Lomo de salmón congelado Friusa 300 g,"8,95 €","29,83 €/kg",https://www.carrefour.es/supermercado/lomo-de-salmon-congelado-friusa-300-g-carrefour/R-820613818/p
El mercado,Berlina Glacé Donuts 8 ud.,"3,25 €","7,81 €/kg",https://www.carrefour.es/supermercado/berlina-glace-donuts-8-ud-donuts/R-fprod1190728/p
El mercado,Tomate ensalada 700 g,"1,46 €","2,09 €/kg",https://www.carrefour.es/supermercado/tomate-ensalada-700-g/R-521032209/p
El mercado,Coles de Bruselas Carrefour 450 g.,"0,79 €","1,76 €/kg",https://www.carrefour.es/supermercado/coles-de-bruselas-carrefour-450-g-carrefour/R-521031628/p
El mercado,Chuletón de vacuno 1 Kg aprox,"0,83 €","10,50 €/kg",https://www.carrefour.es/supermercado/chuleton-de-vacuno-1-kg-aprox-carrefour/R-784417842/p
El mercado,Pechuga de pavo braseada El Pozo Edición 1954 al corte sin gluten y sin lactosa 150 g aprox,"1,25 €","7,95 €/kg",https://www.carrefour.es/supermercado/pechuga-de-pavo-braseada-el-pozo-edicion-1954-al-corte-sin-gluten-y-sin-lactosa-150-g-aprox-elpozo/R-832428399/p
El mercado,Patatas fritas corte fino para horno Carrefour 600 g.,"1,99 €","1,38 €/kg",https://www.carrefour.es/supermercado/patatas-fritas-corte-fino-para-horno-carrefour-600-g-carrefour/R-677401667/p
El mercado,Kale Carrefour 200 g,"2,71 €","6,25 €/kg",https://www.carrefour.es/supermercado/kale-carrefour-200-g-carrefour/R-prod760336/p
El mercado,Queso en porciones Light La Vaca que ríe 24 ud.,"1,18 €","8,08 €/kg",https://www.carrefour.es/supermercado/queso-en-porciones-light-la-vaca-que-rie-24-ud-la-vaca-que-rie/R-674001751/p
El mercado,Media gallina Nutrave 600 g aprox,"2,01 €","3,35 €/kg",https://www.carrefour.es/supermercado/media-gallina-nutrave-600-g-aprox-nutrave/R-608101557/p
El mercado,Nuggets de pollo 320 g,"2,00 €","2,00 €/ud",https://www.carrefour.es/supermercado/nuggets-de-pollo-320-g-carrefour/R-677310443/p
El mercado,Salmón ahumado Royal 100 g.,"5,40 €","54,00 €/kg",https://www.carrefour.es/supermercado/salmon-ahumado-royal-100-g-royal/R-521007429/p
El mercado,Pepino ecológico Carrefour Bio 700 g,"1,85 €","2,64 €/kg",https://www.carrefour.es/supermercado/pepino-ecologico-carrefour-bio-700-g-carrefour-bio/R-prod64611/p
El mercado,Frambruesa Carrefour 250 g,"3,11 €","12,44 €/kg",https://www.carrefour.es/supermercado/frambruesa-carrefour-250-g/R-VC4AECOMM-457417/p
El mercado,Tomate bola ecológico Carrefour Bio 500 g,"1,65 €","3,30 €/kg",https://www.carrefour.es/supermercado/tomate-bola-ecologico-carrefour-bio-500-g-carrefour-bio/R-600709180/p
El mercado,Queso azul semicurado Carrefour cuña de 180 g,"1,70 €","9,44 €/kg",https://www.carrefour.es/supermercado/queso-azul-semicurado-carrefour-cuna-de-180-g/R-VC4AECOMM-477756/p
El mercado,Hamburguesa mini añojo Calidad y Origen Carrefour 360 g,"2,99 €","8,31 €/kg",https://www.carrefour.es/supermercado/hamburguesa-mini-anojo-calidad-y-origen-carrefour-360-g/R-VC4AECOMM-578300/p
El mercado,Queso en porciones El Caserío 375 g.,"2,50 €","6,67 €/kg",https://www.carrefour.es/supermercado/queso-en-porciones-el-caserio-375-g-el-caserio/R-521030598/p
El mercado,Tostadas mini redondas extrafinas Bimbo 100 g.,"1,35 €","13,50 €/kg",https://www.carrefour.es/supermercado/tostadas-mini-redondas-extrafinas-bimbo-100-g-bimbo/R-521002574/p
El mercado,Napolitana Chocolate Carrefour 320 g.,"0,99 €","3,09 €/kg",https://www.carrefour.es/supermercado/napolitana-chocolate-carrefour-320-g-carrefour/R-521007237/p
El mercado,Manzana golden ecológica bandeja 4 ud 600 g,"2,49 €","4,15 €/kg",https://www.carrefour.es/supermercado/manzana-golden-ecologica-bandeja-4-ud-600-g-carrefour-bio/R-589705758/p
El mercado,Centro jamón serrano Gran Reserva Carrefour al corte 150 g aprox,"3,29 €","21,95 €/kg",https://www.carrefour.es/supermercado/centro-jamon-serrano-gran-reserva-carrefour-al-corte-150-g-aprox-carrefour/R-prod221882/p
El mercado,Crackers integrales Carrefour 250 g.,"0,93 €","3,72 €/kg",https://www.carrefour.es/supermercado/crackers-integrales-carrefour-250-g-carrefour/R-521002661/p
El mercado,"Queso puro de oveja viejo graso Flor de Esgueva cuña 1/8, 410 g aprox","1,64 €","13,95 €/kg",https://www.carrefour.es/supermercado/queso-puro-de-oveja-viejo-graso-flor-de-esgueva-cuna-1-8-410-g-aprox/R-521035617/p
El mercado,Queso tierno barra Larsa al corte 150 g aprox,"7,47 €","10,95 €/kg",https://www.carrefour.es/supermercado/queso-tierno-barra-larsa-al-corte-150-g-aprox-larsa/R-590501848/p
El mercado,Filete 1ªA de carne de Guadarrama 500 g aprox,"1,50 €","14,95 €/kg",https://www.carrefour.es/supermercado/filete-1a-de-carne-de-guadarrama-500-g-aprox-carrefour/R-607902140/p
El mercado,Repollo rizado 1 Kg,"1,56 €","1,00 €/kg",https://www.carrefour.es/supermercado/repollo-rizado-1-kg/R-529916713/p
El mercado,Masa fresca pizza Casa Tarradellas 260 g.,"1,19 €","6,00 €/kg",https://www.carrefour.es/supermercado/masa-fresca-pizza-casa-tarradellas-260-g-casa-tarradellas/R-551901736/p
El mercado,Lechuga batavia verde 1 ud,"2,10 €","1,19 €/ud",https://www.carrefour.es/supermercado/lechuga-batavia-verde-1-ud/R-521009780/p
El mercado,Salchichas Jumbo de queso con bacon Oscar Mayer 350 g.,"3,15 €","6,27 €/kg",https://www.carrefour.es/supermercado/salchichas-jumbo-de-queso-con-bacon-oscar-mayer-350-g-oscar-mayer/R-521031151/p
El mercado,Contramuslo de pollo fileteado Carrefour 500 g aprox,"1,11 €","6,30 €/kg",https://www.carrefour.es/supermercado/contramuslo-de-pollo-fileteado-carrefour-500-g-aprox-carrefour/R-522714052/p
El mercado,Magdalenas Valenciana DulceSol 350 g.,"2,50 €","3,17 €/kg",https://www.carrefour.es/supermercado/magdalenas-valenciana-dulcesol-350-g-dulcesol/R-521007230/p
El mercado,Manzana roja ecológica bandeja 4 ud 600 g,"1,65 €","0,41 €/ud",https://www.carrefour.es/supermercado/manzana-roja-ecologica-bandeja-4-ud-600-g-carrefour-bio/R-589705752/p
El mercado,Pechuga de pavo bajo en grasa y sal loncheada Noel envase 180 g,"2,10 €","12,35 €/kg",https://www.carrefour.es/supermercado/pechuga-de-pavo-bajo-en-grasa-y-sal-loncheada-noel-envase-180-g-noel/R-prod63744/p
El mercado,Anguriñas Pescanova pack de 2 unidades de 100 g.,"2,00 €","10,00 €/kg",https://www.carrefour.es/supermercado/angurinas-pescanova-pack-de-2-unidades-de-100-g-pescanova/R-prod67481/p
El mercado,Apio verde manojo de 1 Kg,"1,95 €","1,95 €/kg",https://www.carrefour.es/supermercado/apio-verde-manojo-de-1-kg/R-521031385/p
El mercado,Pan rallado clásico Gallo sin lactosa 500 g.,"0,83 €","1,66 €/kg",https://www.carrefour.es/supermercado/pan-rallado-clasico-gallo-sin-lactosa-500-g-gallo/R-638701941/p
El mercado,Tortilla de patata con cebolla 300 g,"2,00 €","6,67 €/kg",https://www.carrefour.es/supermercado/tortilla-de-patata-con-cebolla-300-g-palacios/R-589807762/p
El mercado,Queso fresco burrata Toscanella tarrina de 150 g.,"2,30 €","15,33 €/kg",https://www.carrefour.es/supermercado/queso-fresco-burrata-toscanella-tarrina-de-150-g-toscanella/R-prod830208/p
El mercado,Surtido de tomate cherry La Caña 250 g,"1,29 €","5,16 €/kg",https://www.carrefour.es/supermercado/surtido-de-tomate-cherry-la-cana-250-g/R-VC4AECOMM-443165/p
El mercado,Queso Manchego de oveja Don Julián curado viejo D.O.P. Sanabria cuña de 250 g,"2,95 €","14,75 €/kg",https://www.carrefour.es/supermercado/queso-manchego-de-oveja-don-julian-curado-viejo-dop-sanabria-cuna-de-250-g/R-VC4AECOMM-585027/p
El mercado,Salchichas con queso Carrefour 200 g.,"0,60 €","3,00 €/kg",https://www.carrefour.es/supermercado/salchichas-con-queso-carrefour-200-g-carrefour/R-521031113/p
El mercado,Rabo de vacuno 500 g aprox,"4,97 €","9,95 €/kg",https://www.carrefour.es/supermercado/rabo-de-vacuno-500-g-aprox-carrefour/R-836658289/p
El mercado,Tortas de aceite Inés Rosales 180 g.,"1,39 €","7,72 €/kg",https://www.carrefour.es/supermercado/tortas-de-aceite-ines-rosales-180-g-ines-rosales/R-521008126/p
El mercado,Palitos de mar 400 g,"4,99 €","12,47 €/kg",https://www.carrefour.es/supermercado/palitos-de-mar-400-g-krissia/R-521032020/p
El mercado,Queso fresco de cabra El Abuelo 300 g.,"2,40 €","8,00 €/kg",https://www.carrefour.es/supermercado/queso-fresco-de-cabra-el-abuelo-300-g-el-abuelo/R-590203311/p
El mercado,Espinacas cortadas Carrefour 1 kg.,"1,19 €","1,19 €/kg",https://www.carrefour.es/supermercado/espinacas-cortadas-carrefour-1-kg-carrefour/R-521031551/p
El mercado,Mini fuet Snack'in Campofrío 50 g.,"1,14 €","22,80 €/kg",https://www.carrefour.es/supermercado/mini-fuet-snackin-campofrio-50-g-campofrio/R-527030930/p
El mercado,Queso emmental Carrefour 200 g.,"1,57 €","7,85 €/kg",https://www.carrefour.es/supermercado/queso-emmental-carrefour-200-g-carrefour/R-521030717/p
El mercado,"Mini taquitos de jamón curado Espuña 2x50g, 100 g","1,90 €","19,00 €/kg",https://www.carrefour.es/supermercado/mini-taquitos-de-jamon-curado-espuna-2x50g-100-g-espuna/R-prod720941/p
El mercado,Guacamole Carrefour 500 g,"3,29 €","6,58 €/kg",https://www.carrefour.es/supermercado/guacamole-carrefour-500-g-carrefour/R-prod1160594/p
El mercado,Menestra de verduras Findus 1 kg.,"3,74 €","3,74 €/kg",https://www.carrefour.es/supermercado/menestra-de-verduras-findus-1-kg-findus/R-763300104/p
El mercado,Pollo certificado limpio Carrefour 2 kg,"2,09 €","2,99 €/kg",https://www.carrefour.es/supermercado/pollo-certificado-limpio-carrefour-2-kg-carrefour/R-791562917/p
El mercado,Baguetinas congeladas Maheso pack de 4 unidades de 125 g.,"2,55 €","4,18 €/kg",https://www.carrefour.es/supermercado/baguetinas-congeladas-maheso-pack-de-4-unidades-de-125-g-maheso/R-521031486/p
El mercado,Alas de pollo congeladas 1 kg,"0,80 €","2,55 €/kg",https://www.carrefour.es/supermercado/alas-de-pollo-congeladas-1-kg/R-fprod1480188/p
El mercado,Anillas de pota argentina Carrefour 450 g.,"4,55 €","10,11 €/kg",https://www.carrefour.es/supermercado/anillas-de-pota-argentina-carrefour-450-g-carrefour/R-649302141/p
El mercado,Lacón cocido extra y ahumado a la leña en lonchas sin gluten y sin lactosa 180 g,"2,25 €","12,50 €/kg",https://www.carrefour.es/supermercado/lacon-cocido-extra-y-ahumado-a-la-lena-en-lonchas-sin-gluten-y-sin-lactosa-180-g/R-VC4AECOMM-445653/p
El mercado,Queso brie punta President 200 g,"2,95 €","14,75 €/kg",https://www.carrefour.es/supermercado/queso-brie-punta-president-200-g/R-783928720/p
El mercado,Naranja ecológica Carrefour Bio 1 Kg,"1,99 €","1,99 €/kg",https://www.carrefour.es/supermercado/naranja-ecologica-carrefour-bio-1-kg-carrefour-bio/R-584501489/p
El mercado,Almeja marinera fresca 500 g,"5,90 €","11,80 €/kg",https://www.carrefour.es/supermercado/almeja-marinera-fresca-500-g/R-645501796/p
El mercado,Colines Carrefour 250 g.,"0,44 €","1,76 €/kg",https://www.carrefour.es/supermercado/colines-carrefour-250-g-carrefour/R-prod970953/p
El mercado,Tomate pera ecológico Carrefour Bio 500 g,"1,55 €","3,10 €/kg",https://www.carrefour.es/supermercado/tomate-pera-ecologico-carrefour-bio-500-g-carrefour-bio/R-602104264/p
El mercado,Queso rulo de cabra Sant Maure 180 g,"3,00 €","16,67 €/kg",https://www.carrefour.es/supermercado/queso-rulo-de-cabra-sant-maure-180-g/R-783928668/p
El mercado,Berlinas bombón Donuts 4 ud.,"1,99 €","9,05 €/kg",https://www.carrefour.es/supermercado/berlinas-bombon-donuts-4-ud-donuts/R-715505824/p
El mercado,Mousse pato medallón Aoste pack de 2 unidades de 100 g,"3,20 €","16,00 €/kg",https://www.carrefour.es/supermercado/mousse-pato-medallon-aoste-pack-de-2-unidades-de-100-g-aoste/R-522714461/p
El mercado,Surtido de picos y regañás con aceite de oliva virgen extra Carrefour sin lactosa 450 g.,"1,57 €","3,49 €/kg",https://www.carrefour.es/supermercado/surtido-de-picos-y-reganas-con-aceite-de-oliva-virgen-extra-carrefour-sin-lactosa-450-g-carrefour/R-prod930292/p
El mercado,Lechuga trocadero Carrefour 150 g,"1,65 €","11,00 €/kg",https://www.carrefour.es/supermercado/lechuga-trocadero-carrefour-150-g-carrefour/R-521032345/p
El mercado,Queso gouda lonchas ecológico Carrefour Bio 200 g.,"1,99 €","9,95 €/kg",https://www.carrefour.es/supermercado/queso-gouda-lonchas-ecologico-carrefour-bio-200-g-carrefour-bio/R-618701673/p
El mercado,Berlinas de azúcar Carrefour 4 ud,"1,89 €","0,25 €/ud",https://www.carrefour.es/supermercado/berlinas-de-azucar-carrefour-4-ud-carrefour/R-696602450/p
El mercado,Pan de molde con corteza blanca Bimbo 450 g.,"2,09 €","4,20 €/kg",https://www.carrefour.es/supermercado/pan-de-molde-con-corteza-blanca-bimbo-450-g-bimbo/R-521007139/p
El mercado,"Pera blanquilla Carrefour 1,5 kg","1,94 €","1,39 €/kg",https://www.carrefour.es/supermercado/pera-blanquilla-carrefour-1-5-kg/R-fprod1460516/p
El mercado,Paté de hígado de cerdo Carrefour pack de 4 unidades de 78 g.,"1,94 €","8,29 €/kg",https://www.carrefour.es/supermercado/pate-de-higado-de-cerdo-carrefour-pack-de-4-unidades-de-78-g-carrefour/R-521006577/p
El mercado,Pechuga de Pavo Bonnatur Argal al corte 150 g aprox,"3,75 €","12,95 €/kg",https://www.carrefour.es/supermercado/pechuga-de-pavo-bonnatur-argal-al-corte-150-g-aprox-argal-bonnatur/R-536500193/p
El mercado,Pechuga pavo mini Campofrío - Pavofrío 380 g.,"1,89 €","8,95 €/kg",https://www.carrefour.es/supermercado/pechuga-pavo-mini-campofrio-pavofrio-380-g-campofrio-pavofrio/R-521031024/p
El mercado,Bacalao desmigado desalado Carrefour 250 g.,"2,55 €","15,00 €/kg",https://www.carrefour.es/supermercado/bacalao-desmigado-desalado-carrefour-250-g-carrefour/R-prod73618/p
El mercado,Picos con aceite de oliva virgen extra Horno Antequerano bolsa 150 g,"1,65 €","12,60 €/kg",https://www.carrefour.es/supermercado/picos-con-aceite-de-oliva-virgen-extra-horno-antequerano-bolsa-150-g-horno-el-antequerano/R-prod680098/p
El mercado,Boniato ecológico 650 g,"0,81 €","5,10 €/kg",https://www.carrefour.es/supermercado/boniato-ecologico-650-g-carrefour-bio/R-827511606/p
El mercado,Jamón cocido braseado Campofrío Finissimas sin gluten 115 g.,"1,86 €","16,17 €/kg",https://www.carrefour.es/supermercado/jamon-cocido-braseado-campofrio-finissimas-sin-gluten-115-g-campofrio-finissimas/R-521030989/p
El mercado,Pan de hamburguesa artesano Bimbo 4 ud.,"2,10 €","5,80 €/kg",https://www.carrefour.es/supermercado/pan-de-hamburguesa-artesano-bimbo-4-ud-bimbo/R-prod1140182/p
El mercado,Pan de leche Pasquier 350 g.,"2,39 €","6,00 €/kg",https://www.carrefour.es/supermercado/pan-de-leche-pasquier-350-g-pasquier/R-526501288/p
El mercado,Preparado de marisco para paella Carrefour 400 g.,"1,35 €","5,97 €/kg",https://www.carrefour.es/supermercado/preparado-de-marisco-para-paella-carrefour-400-g-carrefour/R-prod1130608/p
El mercado,Salchichas con queso fundido estilo frankfurt Carrefour pack de 4 sobres de 140 g.,"1,99 €","2,41 €/kg",https://www.carrefour.es/supermercado/salchichas-con-queso-fundido-estilo-frankfurt-carrefour-pack-de-4-sobres-de-140-g/R-fprod1460356/p
El mercado,Tomate mini cherry rama 200 g,"2,80 €","9,95 €/kg",https://www.carrefour.es/supermercado/tomate-mini-cherry-rama-200-g/R-fprod1220371/p
El mercado,"Queso en lonchas Tranchettes pack de 22 unidades de 17,5 g.","1,65 €","7,27 €/kg",https://www.carrefour.es/supermercado/queso-en-lonchas-tranchettes-pack-de-22-unidades-de-17-5-g-tranchettes/R-521030616/p
El mercado,Queso rallado emmental Carrefour sin lactosa 150 g.,"1,13 €","11,00 €/kg",https://www.carrefour.es/supermercado/queso-rallado-emmental-carrefour-sin-lactosa-150-g-carrefour-no-lactosa/R-prod63120/p
El mercado,Espinacas hojas en porciones Carrefour 1 kg.,"0,40 €","1,13 €/kg",https://www.carrefour.es/supermercado/espinacas-hojas-en-porciones-carrefour-1-kg-carrefour/R-546501874/p
El mercado,Barra Baguette Carrefour 250 g,"2,65 €","1,60 €/kg",https://www.carrefour.es/supermercado/barra-baguette-carrefour-250-g-carrefour/R-525964668/p
El mercado,Salmón ahumado 100 g.,"2,25 €","26,50 €/kg",https://www.carrefour.es/supermercado/salmon-ahumado-100-g-producto-blanco/R-fprod1460414/p
El mercado,Jamón cocido y ahumado a la leña extra en lonchas sin gluten y sin lactosa 180 g,"1,36 €","12,50 €/kg",https://www.carrefour.es/supermercado/jamon-cocido-y-ahumado-a-la-lena-extra-en-lonchas-sin-gluten-y-sin-lactosa-180-g/R-VC4AECOMM-445648/p
El mercado,Queso de untar ecológico Carrefour Bio 200 g.,"1,89 €","6,80 €/kg",https://www.carrefour.es/supermercado/queso-de-untar-ecologico-carrefour-bio-200-g-carrefour-bio/R-fprod1260101/p
El mercado,Salchichón de pavo extra Carrefour sin gluten pack de 2 unidades de 75 g.,"1,55 €","12,60 €/kg",https://www.carrefour.es/supermercado/salchichon-de-pavo-extra-carrefour-sin-gluten-pack-de-2-unidades-de-75-g-carrefour/R-fprod1200325/p
El mercado,Mortadela siciliana em lonchas El Pozo si gluten 225 g.,"1,99 €","6,84 €/kg",https://www.carrefour.es/supermercado/mortadela-siciliana-em-lonchas-el-pozo-si-gluten-225-g-elpozo/R-530363708/p
El mercado,Queso de untar Crème de Camembert Président 125 g.,"1,90 €","12,40 €/kg",https://www.carrefour.es/supermercado/queso-de-untar-creme-de-camembert-president-125-g-president/R-521030685/p
El mercado,Jamón cocido premium delizias Embutidos Noel 120 g,"1,59 €","18,09 €/kg",https://www.carrefour.es/supermercado/jamon-cocido-premium-delizias-embutidos-noel-120-g-noel/R-631306761/p
El mercado,Menestra especial de verduras Carrefour 1 kg.,"1,25 €","1,90 €/kg",https://www.carrefour.es/supermercado/menestra-especial-de-verduras-carrefour-1-kg-carrefour/R-717101863/p
El mercado,Brócoli floretes Carrefour 400 g,"0,85 €","3,97 €/kg",https://www.carrefour.es/supermercado/brocoli-floretes-carrefour-400-g/R-VC4AECOMM-444613/p
El mercado,Ajo-Puerro tierno grande manojo de 150 g,"2,20 €","8,33 €/kg",https://www.carrefour.es/supermercado/ajo-puerro-tierno-grande-manojo-de-150-g/R-522714026/p
El mercado,Mortadela Tp Ricura ElPozo 250 g,"2,20 €","3,40 €/kg",https://www.carrefour.es/supermercado/mortadela-tp-ricura-elpozo-250-g-elpozo/R-prod720393/p
El mercado,Queso rallado 4 quesos especial gratinar El Caserío 150 g.,"3,46 €","14,67 €/kg",https://www.carrefour.es/supermercado/queso-rallado-4-quesos-especial-gratinar-el-caserio-150-g/R-VC4AECOMM-420640/p
El mercado,Tomate corazón de buey Carrefour a granel 1 Kg aprox.,"3,75 €","3,75 €/kg",https://www.carrefour.es/supermercado/tomate-corazon-de-buey-carrefour-a-granel-1-kg-aprox-carrefour/R-prod1090034/p
El mercado,Sobaos mini Carrefour sin aceite de palma 340 g.,"0,71 €","2,09 €/kg",https://www.carrefour.es/supermercado/sobaos-mini-carrefour-sin-aceite-de-palma-340-g-carrefour/R-521007210/p
El mercado,Costilla de Cerdo adobada Carrefour 450 g aprox,"3,78 €","8,40 €/kg",https://www.carrefour.es/supermercado/costilla-de-cerdo-adobada-carrefour-450-g-aprox-carrefour/R-522714420/p
El mercado,Dados de queso ensaladas cheddar y samsoe Carrefour 200 g.,"1,58 €","7,90 €/kg",https://www.carrefour.es/supermercado/dados-de-queso-ensaladas-cheddar-y-samsoe-carrefour-200-g-carrefour/R-521030784/p
El mercado,Guisantes muy tiernos Carrefour 300 g.,"0,80 €","2,67 €/kg",https://www.carrefour.es/supermercado/guisantes-muy-tiernos-carrefour-300-g-carrefour/R-589702176/p
El mercado,Tiras de bacon natural ahumado El Pozo pack de 2 unidades de 55 g.,"1,00 €","10,00 €/kg",https://www.carrefour.es/supermercado/tiras-de-bacon-natural-ahumado-el-pozo-pack-de-2-unidades-de-55-g-elpozo/R-701802602/p
El mercado,Queso grana padano D.O.P. Carrefour 200 g,"2,95 €","14,75 €/kg",https://www.carrefour.es/supermercado/queso-grana-padano-dop-carrefour-200-g-carrefour/R-785501823/p
El mercado,Pescadilla fina 1 kg aprox,"5,90 €","5,90 €/kg",https://www.carrefour.es/supermercado/pescadilla-fina-1-kg-aprox/R-531505553/p
El mercado,Pan de chapata Gourmet Carrefour 380 g,"1,25 €","2,98 €/kg",https://www.carrefour.es/supermercado/pan-de-chapata-gourmet-carrefour-380-g-carrefour/R-525964670/p
El mercado,Queso fresco villalón Carrefour 150 g aprox,"1,04 €","6,95 €/kg",https://www.carrefour.es/supermercado/queso-fresco-villalon-carrefour-150-g-aprox-carrefour/R-603504390/p
El mercado,Jamón cocido premier braseado Argal al corte 150 g aprox,"1,46 €","9,75 €/kg",https://www.carrefour.es/supermercado/jamon-cocido-premier-braseado-argal-al-corte-150-g-aprox-argal/R-700809240/p
El mercado,Jamón serrano reserva en lonchas Juan Luna sin gluten 300 g,"3,95 €","13,17 €/kg",https://www.carrefour.es/supermercado/jamon-serrano-reserva-en-lonchas-juan-luna-sin-gluten-300-g/R-VC4AECOMM-595405/p
El mercado,Gula del norte Angulas Aguinaga pack de 3 unidades de 200 g.,"10,95 €","18,25 €/kg",https://www.carrefour.es/supermercado/gula-del-norte-angulas-aguinaga-pack-de-3-unidades-de-200-g-angulas-aguinaga/R-525603495/p
El mercado,Hamburguesa de vacuno ecológica sin gluten y sin lactosa Carrefour Bio 2x120 g,"2,39 €","9,96 €/kg",https://www.carrefour.es/supermercado/hamburguesa-de-vacuno-ecologica-sin-gluten-y-sin-lactosa-carrefour-bio-2x120-g-carrefour-bio/R-prod1070059/p
El mercado,Filetes de bacalao congelados Dimar 400 g.,"6,50 €","18,06 €/kg",https://www.carrefour.es/supermercado/filetes-de-bacalao-congelados-dimar-400-g-dimar/R-521031255/p
El mercado,Solomillo de cerdo Extratiernos ElPozo 600 g aprox,"5,22 €","8,70 €/kg",https://www.carrefour.es/supermercado/solomillo-de-cerdo-extratiernos-elpozo-600-g-aprox-elpozo/R-820613828/p
El mercado,"Corvina Calidad y Origen Carrefour 1,5 kg aprox","11,92 €","7,95 €/kg",https://www.carrefour.es/supermercado/corvina-calidad-y-origen-carrefour-1-5-kg-aprox-calidad-y-origen-carrefour/R-fprod1260183/p
El mercado,Queso rallado mozzarella Miraflores 250 g.,"4,70 €","9,80 €/kg",https://www.carrefour.es/supermercado/queso-rallado-mozzarella-miraflores-250-g-miraflores/R-828922485/p
El mercado,Boquerón limpio congelado Delfín 500 g.,"1,19 €","9,40 €/kg",https://www.carrefour.es/supermercado/boqueron-limpio-congelado-delfin-500-g-delfin/R-prod670171/p
El mercado,Tomate cherry ecológico Carrefour Bio 250 g,"7,16 €","4,76 €/kg",https://www.carrefour.es/supermercado/tomate-cherry-ecologico-carrefour-bio-250-g-carrefour-bio/R-600709178/p
El mercado,Entrecot de vaca extremeña madurado El Encinar de Humienta 400 g aprox,"1,00 €","17,90 €/kg",https://www.carrefour.es/supermercado/entrecot-de-vaca-extremena-madurado-el-encinar-de-humienta-400-g-aprox-el-encinar-de-humienta/R-826005259/p
El mercado,Ensalada línea Carrefour 200 g,"6,95 €","5,00 €/kg",https://www.carrefour.es/supermercado/ensalada-linea-carrefour-200-g-carrefour/R-521032382/p
El mercado,Sepia limipia congelada 480 g,"1,21 €","11,58 €/kg",https://www.carrefour.es/supermercado/sepia-limipia-congelada-480-g/R-758904334/p
El mercado,Masa de empanada Buitoni 280 g.,"8,00 €","8,39 €/kg",https://www.carrefour.es/supermercado/masa-de-empanada-buitoni-280-g-buitoni/R-526627536/p
El mercado,Pechuga de pollo fileteada ecológica Carrefour Bio 400 g,"1,59 €","19,99 €/kg",https://www.carrefour.es/supermercado/pechuga-de-pollo-fileteada-ecologica-carrefour-bio-400-g-carrefour-bio/R-fprod1310074/p
El mercado,Cebolla blanca Carrefour 500 g,"0,79 €","3,18 €/kg",https://www.carrefour.es/supermercado/cebolla-blanca-carrefour-500-g-carrefour/R-521032278/p
El mercado,Panecillos integrales Carrefour 400 g.,"6,99 €","1,97 €/kg",https://www.carrefour.es/supermercado/panecillos-integrales-carrefour-400-g-carrefour/R-791634968/p
El mercado,Filete de merluza sin piel congelado 850 g,"2,05 €","8,22 €/kg",https://www.carrefour.es/supermercado/filete-de-merluza-sin-piel-congelado-850-g-carrefour/R-prod800195/p
El mercado,Jamon cocido extra sin fosfatos añadidos Carrefour 250 g.,"1,20 €","8,20 €/kg",https://www.carrefour.es/supermercado/jamon-cocido-extra-sin-fosfatos-anadidos-carrefour-250-g/R-VC4AECOMM-431405/p
El mercado,Longaniza de payés en lonchas Carrefour sin gluten 100 g.,"2,19 €","12,00 €/kg",https://www.carrefour.es/supermercado/longaniza-de-payes-en-lonchas-carrefour-sin-gluten-100-g-carrefour/R-530363218/p
El mercado,Hogaza de cereales The Rustik Bakery 450 g.,"1,40 €","4,87 €/kg",https://www.carrefour.es/supermercado/hogaza-de-cereales-the-rustik-bakery-450-g-the-rustik-bakery/R-823507263/p
El mercado,Salami extra loncheado Tello bipack 2 envases 120 g,"1,15 €","5,83 €/kg",https://www.carrefour.es/supermercado/salami-extra-loncheado-tello-bipack-2-envases-120-g-tello/R-prod72301/p
El mercado,Cebollino fresco cortado Carrefour 20 g,"1,50 €","57,50 €/kg",https://www.carrefour.es/supermercado/cebollino-fresco-cortado-carrefour-20-g-carrefour/R-600804701/p
El mercado,Mini hamburguesa de pollo sin gluten y sin lactosa 200 g,"3,06 €","7,50 €/kg",https://www.carrefour.es/supermercado/mini-hamburguesa-de-pollo-sin-gluten-y-sin-lactosa-200-g/R-VC4AECOMM-497337/p
El mercado,Seta shii-take Carrefour 200 g aprox,"2,10 €","12,25 €/kg",https://www.carrefour.es/supermercado/seta-shii-take-carrefour-200-g-aprox-carrefour/R-526517533/p
El mercado,Queso havarti Loncha Millán Vicente 150 g.,"1,24 €","14,00 €/kg",https://www.carrefour.es/supermercado/queso-havarti-loncha-millan-vicente-150-g/R-521030740/p
El mercado,Queso fundido Light porciones 16 ud. Carrefour 250 g.,"0,99 €","4,96 €/kg",https://www.carrefour.es/supermercado/queso-fundido-light-porciones-16-ud-carrefour-250-g-carrefour/R-663801787/p
El mercado,"Queso desnatado blanco pasterizado Carrefour pack de 4 unidades de 62,5 g.","2,44 €","3,96 €/kg",https://www.carrefour.es/supermercado/queso-desnatado-blanco-pasterizado-carrefour-pack-de-4-unidades-de-62-5-g-carrefour/R-521030567/p
El mercado,Jamón curado en lonchas Navidul sin gluten 50 g.,"0,80 €","20,00 €/kg",https://www.carrefour.es/supermercado/jamon-curado-en-lonchas-navidul-sin-gluten-50-g-navidul/R-541301750/p
El mercado,Queso mezcla tierno Carrefour 375 g aprox,"9,40 €","6,50 €/kg",https://www.carrefour.es/supermercado/queso-mezcla-tierno-carrefour-375-g-aprox-carrefour/R-586101519/p
El mercado,Habas baby Carrefour 200 g.,"2,07 €","4,00 €/kg",https://www.carrefour.es/supermercado/habas-baby-carrefour-200-g-carrefour/R-521031559/p
El mercado,Palitos de mar Carrefour 450 g.,"2,80 €","2,44 €/kg",https://www.carrefour.es/supermercado/palitos-de-mar-carrefour-450-g-carrefour/R-521034877/p
El mercado,Melón piel de sapo premium Bollo a granel 4 kg aprox,"0,76 €","2,35 €/kg",https://www.carrefour.es/supermercado/melon-piel-de-sapo-premium-bollo-a-granel-4-kg-aprox-bollo/R-817316607/p
El mercado,Jamón serrano reserva finas lonchas Carrefour sin lactosa 120 g.,"2,19 €","17,25 €/kg",https://www.carrefour.es/supermercado/jamon-serrano-reserva-finas-lonchas-carrefour-sin-lactosa-120-g/R-VC4AECOMM-436277/p
El mercado,Pan de centeno con semillas de sésamo y amapola Carrefour 450 g.,"1,44 €","3,20 €/kg",https://www.carrefour.es/supermercado/pan-de-centeno-con-semillas-de-sesamo-y-amapola-carrefour-450-g-carrefour/R-prod550030/p
El mercado,Paté de hígado de cerdo Tapa Negra La Piara pack de 3 unidades de 75 g.,"2,85 €","12,67 €/kg",https://www.carrefour.es/supermercado/pate-de-higado-de-cerdo-tapa-negra-la-piara-pack-de-3-unidades-de-75-g-la-piara/R-530380951/p
El mercado,Pan de molde con pipas de girasol y calabaza Bimbo Oreweat 680 g.,"2,65 €","3,90 €/kg",https://www.carrefour.es/supermercado/pan-de-molde-con-pipas-de-girasol-y-calabaza-bimbo-oreweat-680-g-bimbo-oroweat/R-829217612/p
El mercado,Espinaca cortada Findus 400 g.,"1,85 €","4,62 €/kg",https://www.carrefour.es/supermercado/espinaca-cortada-findus-400-g-findus/R-617901861/p
El mercado,Manzana reineta verde a granel 1 Kg aprox,"2,69 €","2,69 €/kg",https://www.carrefour.es/supermercado/manzana-reineta-verde-a-granel-1-kg-aprox-carrefour/R-553703190/p
El mercado,Morcilla de cebolla sin aditivos Carrefour 400 g,"2,90 €","7,25 €/kg",https://www.carrefour.es/supermercado/morcilla-de-cebolla-sin-aditivos-carrefour-400-g-carrefour/R-prod420142/p
El mercado,Longaniza blanca de cerdo fresca ElPozo 650 g,"3,17 €","4,88 €/kg",https://www.carrefour.es/supermercado/longaniza-blanca-de-cerdo-fresca-elpozo-650-g-elpozo/R-521032764/p
El mercado,Pimiento del piquillo relleno de bacalao congelados 400 g,"3,95 €","9,87 €/kg",https://www.carrefour.es/supermercado/pimiento-del-piquillo-relleno-de-bacalao-congelados-400-g-carrefour/R-525964626/p
El mercado,Secreto de cerdo Carrefour al vacío 1 kg aprox,"5,99 €","5,99 €/kg",https://www.carrefour.es/supermercado/secreto-de-cerdo-carrefour-al-vacio-1-kg-aprox/R-fprod1440017/p
El mercado,Queso feta ecológico Carrefour 180 g.,"2,10 €","11,67 €/kg",https://www.carrefour.es/supermercado/queso-feta-ecologico-carrefour-180-g-carrefour/R-prod1120186/p
El mercado,Picatostes fritos sabor a ajo Carrefour 75 g.,"0,56 €","7,47 €/kg",https://www.carrefour.es/supermercado/picatostes-fritos-sabor-a-ajo-carrefour-75-g-carrefour/R-760342171/p
El mercado,Pan tostado clásico Carrefour 270 g.,"0,70 €","2,59 €/kg",https://www.carrefour.es/supermercado/pan-tostado-clasico-carrefour-270-g/R-VC4AECOMM-446834/p
El mercado,Queso havarti en lonchas Arla 150 g.,"2,39 €","15,93 €/kg",https://www.carrefour.es/supermercado/queso-havarti-en-lonchas-arla-150-g-arla/R-522714728/p
El mercado,Nabo blanco manojo de 500 g,"1,59 €","3,18 €/ud",https://www.carrefour.es/supermercado/nabo-blanco-manojo-de-500-g/R-521031705/p
El mercado,Queso de untar con finas hierbas Philadelphia 150 g.,"1,90 €","12,67 €/kg",https://www.carrefour.es/supermercado/queso-de-untar-con-finas-hierbas-philadelphia-150-g-philadelphia/R-704404253/p
El mercado,"Pescadilla de pincho 1,5 kg aprox","2,89 €","7,90 €/kg",https://www.carrefour.es/supermercado/pescadilla-de-pincho-1-5-kg-aprox/R-530807350/p
El mercado,Medallones de queso de cabra Président 200 g.,"1,36 €","14,45 €/kg",https://www.carrefour.es/supermercado/medallones-de-queso-de-cabra-president-200-g-president/R-521030575/p
El mercado,"Salami extra en lonchas Carrefour pack de 2 unidades de 112,5 g.","2,49 €","6,04 €/kg",https://www.carrefour.es/supermercado/salami-extra-en-lonchas-carrefour-pack-de-2-unidades-de-112-5-g-carrefour/R-522714828/p
El mercado,Ajo blanco extra de Chinchón 500 g,"0,90 €","4,98 €/kg",https://www.carrefour.es/supermercado/ajo-blanco-extra-de-chinchon-500-g/R-600709244/p
El mercado,Paté a las finas hierbas Carrefour sin gluten y sin lactosa 160 g.,"2,99 €","5,62 €/kg",https://www.carrefour.es/supermercado/pate-a-las-finas-hierbas-carrefour-sin-gluten-y-sin-lactosa-160-g-carrefour/R-prod930066/p
El mercado,"Jamón cocido extra El Pozo Edición 1954 al corte sin fosfatos, sin gluten y sin lactosa 150 g aprox","2,10 €","7,95 €/kg",https://www.carrefour.es/supermercado/jamon-cocido-extra-el-pozo-edicion-1954-al-corte-sin-fosfatos-sin-gluten-y-sin-lactosa-150-g-aprox-elpozo/R-571301473/p
El mercado,Queso tierno light en lonchas El Ventero 200 g.,"1,39 €","14,95 €/kg",https://www.carrefour.es/supermercado/queso-tierno-light-en-lonchas-el-ventero-200-g-el-ventero/R-521030539/p
El mercado,Filete de salmón salvaje congelado 400 g.,"8,75 €","21,87 €/kg",https://www.carrefour.es/supermercado/filete-de-salmon-salvaje-congelado-400-g/R-prod63893/p
El mercado,Queso cabra lonchas García Baquero 125 g.,"2,36 €","18,88 €/kg",https://www.carrefour.es/supermercado/queso-cabra-lonchas-garcia-baquero-125-g-garcia-baquero/R-585301575/p
El mercado,Queso en lonchas light Carrefour 300 g.,"1,52 €","5,07 €/kg",https://www.carrefour.es/supermercado/queso-en-lonchas-light-carrefour-300-g-carrefour/R-521030626/p
El mercado,Finas del mar 200 g,"1,59 €","7,95 €/kg",https://www.carrefour.es/supermercado/finas-del-mar-200-g/R-VC4AECOMM-516829/p
El mercado,Pan de molde integral 800 g,"1,90 €","2,37 €/kg",https://www.carrefour.es/supermercado/pan-de-molde-integral-800-g/R-795756460/p
El mercado,Jamoncito de pollo ecológico Carrefour Bio 320 g,"3,49 €","10,90 €/kg",https://www.carrefour.es/supermercado/jamoncito-de-pollo-ecologico-carrefour-bio-320-g-carrefour-bio/R-fprod1310073/p
El mercado,Pata de pulpo cocido 250 g,"6,99 €","27,96 €/kg",https://www.carrefour.es/supermercado/pata-de-pulpo-cocido-250-g/R-VC4AECOMM-534228/p
El mercado,"Flautas de pavo, pollo y queso Mesana 280 g","1,60 €","5,71 €/kg",https://www.carrefour.es/supermercado/flautas-de-pavo-pollo-y-queso-mesana-280-g-carrefour/R-719204071/p
El mercado,Queso rallado parmigiano Galbani 60 g.,"1,95 €","32,50 €/kg",https://www.carrefour.es/supermercado/queso-rallado-parmigiano-galbani-60-g-galbani/R-521036256/p
El mercado,Queso curado puro de oveja,"3,58 €","9,56 €/kg",https://www.carrefour.es/supermercado/queso-curado-puro-de-oveja-carrefour/R-521033978/p
El mercado,Jamoncito de pavo al vacío Carrefour 350 g aprox,"2,09 €","3,49 €/kg",https://www.carrefour.es/supermercado/jamoncito-de-pavo-al-vacio-carrefour-350-g-aprox-carrefour/R-prod920181/p
El mercado,Jamoncitos de pollo congelado 1 kg,"2,35 €","2,35 €/kg",https://www.carrefour.es/supermercado/jamoncitos-de-pollo-congelado-1-kg/R-fprod1480186/p
El mercado,Pechuga de pavo fileteada marinada al ajillo sin gluten y sin lactosa 800 g aprox,"4,00 €","10,00 €/kg",https://www.carrefour.es/supermercado/pechuga-de-pavo-fileteada-marinada-al-ajillo-sin-gluten-y-sin-lactosa-800-g-aprox/R-VC4AECOMM-497499/p
El mercado,Hogaza de pan grande ecológica Carrefour Bio 800 g aprox,"3,00 €","3,75 €/kg",https://www.carrefour.es/supermercado/hogaza-de-pan-grande-ecologica-carrefour-bio-800-g-aprox-carrefour-bio/R-607403081/p
El mercado,Queso rallado filatto especial pasta El Caserío 100 g.,"1,25 €","12,50 €/kg",https://www.carrefour.es/supermercado/queso-rallado-filatto-especial-pasta-el-caserio-100-g/R-VC4AECOMM-420637/p
El mercado,Pechuga de pavo Serrano sin gluten sin lactosa 300 g.,"2,99 €","9,97 €/kg",https://www.carrefour.es/supermercado/pechuga-de-pavo-serrano-sin-gluten-sin-lactosa-300-g-serrano/R-prod870260/p
El mercado,Dorada Círculo de Calidad 500 g aprox,"5,75 €","11,50 €/kg",https://www.carrefour.es/supermercado/dorada-circulo-de-calidad-500-g-aprox-calidad-y-origen-carrefour/R-prod890047/p
El mercado,Pan de trigo sarraceno 1 ud,"2,50 €","2,50 €/ud",https://www.carrefour.es/supermercado/pan-de-trigo-sarraceno-1-ud/R-663701813/p
El mercado,Rabanitos El Dulze 250 g,"0,99 €","3,96 €/kg",https://www.carrefour.es/supermercado/rabanitos-el-dulze-250-g-carrefour/R-521032327/p
El mercado,Filete 1ªA de vacuno 300 g aprox,"1,55 €","7,90 €/kg",https://www.carrefour.es/supermercado/filete-1a-de-vacuno-300-g-aprox-el-encinar-de-humienta/R-fprod1260137/p
El mercado,Pechuga de pollo en lonchas finas 200 g,"1,95 €","7,75 €/kg",https://www.carrefour.es/supermercado/pechuga-de-pollo-en-lonchas-finas-200-g-carrefour/R-fprod1380171/p
El mercado,Hamburguesa de pollo y zanahoria Carrefour 240 g,"3,30 €","8,12 €/kg",https://www.carrefour.es/supermercado/hamburguesa-de-pollo-y-zanahoria-carrefour-240-g/R-VC4AECOMM-497344/p
El mercado,Lomo de cebo ibérico en lonchas Carrefour sin gluten 100 g.,"3,30 €","33,00 €/kg",https://www.carrefour.es/supermercado/lomo-de-cebo-iberico-en-lonchas-carrefour-sin-gluten-100-g-carrefour/R-521031080/p
El mercado,Gambón extra grande crudo 14/21 piezas Carrefour 700 g.,"8,35 €","11,93 €/kg",https://www.carrefour.es/supermercado/gambon-extra-grande-crudo-14-21-piezas-carrefour-700-g-carrefour/R-745415824/p
El mercado,Calabaza ecológica a granel 1 Kg aprox,"1,69 €","1,69 €/kg",https://www.carrefour.es/supermercado/calabaza-ecologica-a-granel-1-kg-aprox/R-prod310356/p
El mercado,Judías verdes planas Findus 1 kg.,"3,74 €","3,74 €/kg",https://www.carrefour.es/supermercado/judias-verdes-planas-findus-1-kg-findus/R-712515239/p
El mercado,Filete de lenguado al vacío congelado Delfín 180 g.,"2,90 €","16,11 €/kg",https://www.carrefour.es/supermercado/filete-de-lenguado-al-vacio-congelado-delfin-180-g-delfin/R-664305464/p
El mercado,Pan del molde Schär sin gluten 300 g.,"2,79 €","9,30 €/kg",https://www.carrefour.es/supermercado/pan-del-molde-schar-sin-gluten-300-g-schar/R-728110664/p
El mercado,Salchichas cocidas y ahumadas estilo Viena Carrefour 200 g.,"0,60 €","3,00 €/kg",https://www.carrefour.es/supermercado/salchichas-cocidas-y-ahumadas-estilo-viena-carrefour-200-g-carrefour/R-521031111/p
El mercado,Pan de cereales Schär sin gluten 300 g.,"2,95 €","9,83 €/kg",https://www.carrefour.es/supermercado/pan-de-cereales-schar-sin-gluten-300-g-schar/R-774706781/p
El mercado,Manzana pink lady ecológica bandeja 4 ud 600 g,"3,49 €","0,87 €/ud",https://www.carrefour.es/supermercado/manzana-pink-lady-ecologica-bandeja-4-ud-600-g-carrefour-bio/R-600709188/p
El mercado,Brócoli en floretes ecológico Carrefour Bio 600 g.,"2,09 €","3,48 €/kg",https://www.carrefour.es/supermercado/brocoli-en-floretes-ecologico-carrefour-bio-600-g/R-VC4AECOMM-511245/p
El mercado,Jamon cocido en lonchas El Pozo sin gluten sin lactosa 110 g.,"1,00 €","9,09 €/kg",https://www.carrefour.es/supermercado/jamon-cocido-en-lonchas-el-pozo-sin-gluten-sin-lactosa-110-g-elpozo/R-526510867/p
El mercado,Pan de molde familiar Panrico 750 g.,"2,09 €","2,79 €/kg",https://www.carrefour.es/supermercado/pan-de-molde-familiar-panrico-750-g-panrico/R-521030474/p
El mercado,Acelgas en hoja Carrefour 400 g.,"0,68 €","1,70 €/kg",https://www.carrefour.es/supermercado/acelgas-en-hoja-carrefour-400-g-carrefour/R-521031620/p
El mercado,Espinacas en hojas Findus 1 kg.,"3,74 €","3,74 €/kg",https://www.carrefour.es/supermercado/espinacas-en-hojas-findus-1-kg-findus/R-714518114/p
El mercado,Fuet casero con pavo ElPozo 150 g.,"1,89 €","12,60 €/kg",https://www.carrefour.es/supermercado/fuet-casero-con-pavo-elpozo-150-g-elpozo/R-804988071/p
El mercado,Masa para empanada Carrefour 280 g.,"1,63 €","5,82 €/kg",https://www.carrefour.es/supermercado/masa-para-empanada-carrefour-280-g-carrefour/R-832428387/p
El mercado,Masa de hojaldre con mantequilla fresca Casa Tarradellas 260 g.,"1,49 €","5,73 €/kg",https://www.carrefour.es/supermercado/masa-de-hojaldre-con-mantequilla-fresca-casa-tarradellas-260-g-casa-tarradellas/R-865100510/p
El mercado,Crackers Carrefour 250 g.,"0,93 €","3,72 €/kg",https://www.carrefour.es/supermercado/crackers-carrefour-250-g-carrefour/R-521002659/p
El mercado,Escalope de pollo Mesana 300 g,"1,80 €","1,80 €/ud",https://www.carrefour.es/supermercado/escalope-de-pollo-mesana-300-g-mesana/R-677310453/p
El mercado,Hamburguesa de Vacuno Wagyu Finca Santa Rosalia (2x150g) 300 g,"6,90 €","6,90 €/ud",https://www.carrefour.es/supermercado/hamburguesa-de-vacuno-wagyu-finca-santa-rosalia-2x150g-300-g-santa-rosalia-gourmet/R-740504225/p
El mercado,Magdalenas cuadradas Casado 12 ud.,"0,66 €","1,89 €/kg",https://www.carrefour.es/supermercado/magdalenas-cuadradas-casado-12-ud-casado/R-756203013/p
El mercado,Ensalada gourmet Florette 180 g,"2,95 €","16,39 €/kg",https://www.carrefour.es/supermercado/ensalada-gourmet-florette-180-g-florette/R-prod390784/p
El mercado,Pechuga de pavo braseada artesana Campofrío al corte 150 g aprox,"1,00 €","8,95 €/kg",https://www.carrefour.es/supermercado/pechuga-de-pavo-braseada-artesana-campofrio-al-corte-150-g-aprox-campofrio/R-prod800252/p
El mercado,Chorizo tradición loncheado Revilla envase 100 g aprox,"3,74 €","14,29 €/kg",https://www.carrefour.es/supermercado/chorizo-tradicion-loncheado-revilla-envase-100-g-aprox-revilla/R-615201724/p
El mercado,Grissini con aceite de oliva Carrefour 125 g.,"1,12 €","8,96 €/kg",https://www.carrefour.es/supermercado/grissini-con-aceite-de-oliva-carrefour-125-g-carrefour/R-521002653/p
El mercado,Pechuga de pavo en finas lonchas El Pozo sin gluten 85 g.,"1,00 €","11,76 €/kg",https://www.carrefour.es/supermercado/pechuga-de-pavo-en-finas-lonchas-el-pozo-sin-gluten-85-g-elpozo/R-704201758/p
El mercado,"Pomelo rojo malla 1,5 kg","2,49 €","1,66 €/kg",https://www.carrefour.es/supermercado/pomelo-rojo-malla-1-5-kg/R-521034122/p
El mercado,Berlinas bombón Donuts 8 ud.,"1,79 €","7,39 €/kg",https://www.carrefour.es/supermercado/berlinas-bombon-donuts-8-ud-donuts/R-fprod1190726/p
El mercado,Judías verdes extra finas Carrefour 750 g.,"1,59 €","2,39 €/kg",https://www.carrefour.es/supermercado/judias-verdes-extra-finas-carrefour-750-g-carrefour/R-fprod1220036/p
El mercado,Rabanito corto manojo de 1 kg,"1,48 €","3,18 €/kg",https://www.carrefour.es/supermercado/rabanito-corto-manojo-de-1-kg-carrefour/R-526104383/p
El mercado,Masa fresca para pizza 5 cereales Casa Tarradellas 260 g.,"1,99 €","5,69 €/kg",https://www.carrefour.es/supermercado/masa-fresca-para-pizza-5-cereales-casa-tarradellas-260-g-casa-tarradellas/R-fprod1190652/p
El mercado,Ensalada gourmet 8 brotes Florette 100 g,"7,98 €","19,90 €/kg",https://www.carrefour.es/supermercado/ensalada-gourmet-8-brotes-florette-100-g/R-prod410363/p
El mercado,Pechuga de pollo ecológica Carrefour Bio 400 g,"5,80 €","19,95 €/kg",https://www.carrefour.es/supermercado/pechuga-de-pollo-ecologica-carrefour-bio-400-g-carrefour-bio/R-fprod1310075/p
El mercado,Gamba blanca cruda Carrefour 400 g.,"2,50 €","14,50 €/kg",https://www.carrefour.es/supermercado/gamba-blanca-cruda-carrefour-400-g-carrefour/R-577501577/p
El mercado,Entrecot de añojo Calidad y Origen Carrefour 300 g aprox,"7,95 €","11,90 €/kg",https://www.carrefour.es/supermercado/entrecot-de-anojo-calidad-y-origen-carrefour-300-g-aprox-calidad-y-origen-carrefour/R-prod1070085/p
El mercado,Hamburguesa de cerdo Carrefour 6x90 g,"1,95 €","0,42 €/ud",https://www.carrefour.es/supermercado/hamburguesa-de-cerdo-carrefour-6x90-g-carrefour/R-521034996/p
El mercado,Filetes de merluza sin piel ultracongelados Pescanova 800 g.,"1,50 €","9,94 €/kg",https://www.carrefour.es/supermercado/filetes-de-merluza-sin-piel-ultracongelados-pescanova-800-g-pescanova/R-521033649/p
El mercado,Bimi 200 g,"2,99 €","9,75 €/kg",https://www.carrefour.es/supermercado/bimi-200-g/R-841600622/p
El mercado,Ensalada mezclum Carrefour 200 g,"1,00 €","7,50 €/kg",https://www.carrefour.es/supermercado/ensalada-mezclum-carrefour-200-g-carrefour/R-628401775/p
El mercado,Croissant clásico Carrefour 4 ud,"1,95 €","0,75 €/ud",https://www.carrefour.es/supermercado/croissant-clasico-carrefour-4-ud-carrefour/R-527030760/p
El mercado,Salchichas cocidas de pollo 'Todo Ave' Oscar Mayer 200 g.,"3,98 €","5,00 €/kg",https://www.carrefour.es/supermercado/salchichas-cocidas-de-pollo-todo-ave-oscar-mayer-200-g-oscar-mayer/R-521031127/p
El mercado,Pan de Pasas Carrefour Selección 100 g.,"6,50 €","19,50 €/kg",https://www.carrefour.es/supermercado/pan-de-pasas-carrefour-seleccion-100-g-carrefour-seleccion/R-521002588/p
El mercado,Espárrago verde manojo de 400 g,"4,67 €","7,96 €/kg",https://www.carrefour.es/supermercado/esparrago-verde-manojo-de-400-g/R-521031707/p
El mercado,Arándanos Carrefour 500 g,"1,50 €","13,00 €/kg",https://www.carrefour.es/supermercado/arandanos-carrefour-500-g/R-VC4AECOMM-572288/p
El mercado,Solomillo de cerdo al romero Extratiernos ElPozo 500 g,"1,50 €","9,35 €/kg",https://www.carrefour.es/supermercado/solomillo-de-cerdo-al-romero-extratiernos-elpozo-500-g-elpozo/R-842010733/p
El mercado,Jamón cocido extra en lonchas edición 1954 El Pozo sin lactosa 120 g.,"1,99 €","12,50 €/kg",https://www.carrefour.es/supermercado/jamon-cocido-extra-en-lonchas-edicion-1954-el-pozo-sin-lactosa-120-g-elpozo-all-natural/R-787641609/p
El mercado,Butifarra fresca extra de cerdo enrollada Carrefour 700 g,"3,39 €","4,84 €/kg",https://www.carrefour.es/supermercado/butifarra-fresca-extra-de-cerdo-enrollada-carrefour-700-g/R-VC4AECOMM-550788/p
El mercado,Lomo de cerdo al ajillo fileteado Carrefour 650 g aprox,"1,32 €","6,50 €/kg",https://www.carrefour.es/supermercado/lomo-de-cerdo-al-ajillo-fileteado-carrefour-650-g-aprox-carrefour/R-575701513/p
El mercado,Maiz dulce cocido Huercasa 500 g,"5,45 €","2,64 €/kg",https://www.carrefour.es/supermercado/maiz-dulce-cocido-huercasa-500-g-huercasa/R-521032400/p
El mercado,Lubina Círculo de Calidad 500 g aprox,"4,99 €","10,90 €/kg",https://www.carrefour.es/supermercado/lubina-circulo-de-calidad-500-g-aprox-calidad-y-origen-carrefour/R-prod890055/p
El mercado,Jamón bodega en lonchas España e Hijos 180 g,"1,99 €","24,95 €/kg",https://www.carrefour.es/supermercado/jamon-bodega-en-lonchas-espana-e-hijos-180-g-espana-e-hijos/R-prod274124/p
El mercado,Berlina Fondant Donuts 204 g.,"3,00 €","9,75 €/kg",https://www.carrefour.es/supermercado/berlina-fondant-donuts-204-g-donuts/R-590204453/p
El mercado,Tortilla de patata sin cebolla 600 g,"2,15 €","3,00 €/ud",https://www.carrefour.es/supermercado/tortilla-de-patata-sin-cebolla-600-g-palacios/R-542002163/p
El mercado,Queso en porciones light La Vaca que ríe 250 g.,"1,64 €","8,60 €/kg",https://www.carrefour.es/supermercado/queso-en-porciones-light-la-vaca-que-rie-250-g-la-vaca-que-rie/R-521030604/p
El mercado,Ajo Carrefour 100 g.,"5,40 €","16,40 €/kg",https://www.carrefour.es/supermercado/ajo-carrefour-100-g-carrefour/R-prod210262/p
El mercado,Chipirón troceado Carrefour 450 g.,"2,49 €","12,00 €/kg",https://www.carrefour.es/supermercado/chipiron-troceado-carrefour-450-g-carrefour/R-655602086/p
El mercado,Uva bicolor Carrefour Bandeja de 500 g,"17,25 €","4,98 €/kg",https://www.carrefour.es/supermercado/uva-bicolor-carrefour-bandeja-de-500-g/R-fprod1460461/p
El mercado,"Rodaballo Círculo de calidad 1,5 kg aprox","1,29 €","11,50 €/kg",https://www.carrefour.es/supermercado/rodaballo-circulo-de-calidad-1-5-kg-aprox-calidad-y-origen-carrefour/R-628108409/p
El mercado,Pan pita Carrefour 400 g.,"2,20 €","3,22 €/kg",https://www.carrefour.es/supermercado/pan-pita-carrefour-400-g-carrefour/R-625404537/p
El mercado,Tiras de bacon Oscar Mayer sin gluten 130 g.,"2,10 €","15,38 €/kg",https://www.carrefour.es/supermercado/tiras-de-bacon-oscar-mayer-sin-gluten-130-g-oscar-mayer/R-521007400/p
El mercado,Pechuga de pavo El Pozo 180 g.,"2,30 €","12,22 €/kg",https://www.carrefour.es/supermercado/pechuga-de-pavo-el-pozo-180-g-elpozo/R-722417334/p
El mercado,Pasta de pizza Buitoni 260 g.,"0,91 €","8,08 €/kg",https://www.carrefour.es/supermercado/pasta-de-pizza-buitoni-260-g-buitoni/R-521033718/p
El mercado,Pechuga de pavo asada loncheada Los Artesanos ElPozo envase 170 g,"2,20 €","13,53 €/kg",https://www.carrefour.es/supermercado/pechuga-de-pavo-asada-loncheada-los-artesanos-elpozo-envase-170-g-elpozo/R-prod271817/p
El mercado,Queso fresco original Burgo de Arias pack de 2 unidades de 230 g.,"1,07 €","7,93 €/kg",https://www.carrefour.es/supermercado/queso-fresco-original-burgo-de-arias-pack-de-2-unidades-de-230-g-burgo-de-arias/R-prod70591/p
El mercado,Queso mozzarella Margui 125 g.,"1,44 €","7,28 €/kg",https://www.carrefour.es/supermercado/queso-mozzarella-margui-125-g-margui/R-819255639/p
El mercado,Salchichas cocidas Bratwurst Campofrío 260 g.,"1,17 €","8,46 €/kg",https://www.carrefour.es/supermercado/salchichas-cocidas-bratwurst-campofrio-260-g-campofrio/R-521031133/p
El mercado,Queso Cottage natural 0% M.G. Margui 200 g.,"5,95 €","5,35 €/kg",https://www.carrefour.es/supermercado/queso-cottage-natural-0-mg-margui-200-g/R-797506426/p
El mercado,Pechuga de pollo al natural en tiras Carrefour sin gluten 140 g.,"1,89 €","13,50 €/kg",https://www.carrefour.es/supermercado/pechuga-de-pollo-al-natural-en-tiras-carrefour-sin-gluten-140-g/R-VC4AECOMM-476944/p
El mercado,Pan de molde integral sin corteza ecológico Pan Piuma 400 g.,"2,95 €","7,37 €/kg",https://www.carrefour.es/supermercado/pan-de-molde-integral-sin-corteza-ecologico-pan-piuma-400-g-pan-piuma/R-prod971670/p
El mercado,Crema de queso original Philadelphia sin gluten 250 g.,"2,15 €","8,60 €/kg",https://www.carrefour.es/supermercado/crema-de-queso-original-philadelphia-sin-gluten-250-g/R-VC4AECOMM-548437/p
El mercado,Salmón ahumado ecológico Carrefour Bio 80 g.,"2,79 €","34,87 €/kg",https://www.carrefour.es/supermercado/salmon-ahumado-ecologico-carrefour-bio-80-g/R-VC4AECOMM-553392/p
El mercado,Lechuga trocadero 1 ud,"1,19 €","1,19 €/ud",https://www.carrefour.es/supermercado/lechuga-trocadero-1-ud/R-521032297/p
El mercado,Ensalada vital Carrefour 150 g,"1,00 €","6,67 €/kg",https://www.carrefour.es/supermercado/ensalada-vital-carrefour-150-g-carrefour/R-521032364/p
El mercado,Maíz dulce en grano Carrefour 400 g.,"0,77 €","1,92 €/kg",https://www.carrefour.es/supermercado/maiz-dulce-en-grano-carrefour-400-g-carrefour/R-521031571/p
El mercado,Bizcochitos ositos lulu choco Fontaneda 300 g.,"2,41 €","8,03 €/kg",https://www.carrefour.es/supermercado/bizcochitos-ositos-lulu-choco-fontaneda-300-g-fontaneda/R-613004422/p
El mercado,Cocktail de picos de pan integrales 500 g,"2,00 €","4,00 €/kg",https://www.carrefour.es/supermercado/cocktail-de-picos-de-pan-integrales-500-g/R-636102268/p
El mercado,Queso mozzarella 20 Mini Galbani 150 g.,"2,15 €","14,33 €/kg",https://www.carrefour.es/supermercado/queso-mozzarella-20-mini-galbani-150-g-galbani/R-526500946/p
El mercado,Jamón de pavo cocido trufado c/boletus Los Artesanos ElPozo 170 g,"2,30 €","13,53 €/kg",https://www.carrefour.es/supermercado/jamon-de-pavo-cocido-trufado-c-boletus-los-artesanos-elpozo-170-g-elpozo/R-prod271816/p
El mercado,Salchichas cocidas y ahumadas de pavo Carrefour 200 g.,"0,60 €","2,73 €/kg",https://www.carrefour.es/supermercado/salchichas-cocidas-y-ahumadas-de-pavo-carrefour-200-g-carrefour/R-521031143/p
El mercado,Pera rocha 1 Kg aprox,"1,49 €","1,49 €/kg",https://www.carrefour.es/supermercado/pera-rocha-1-kg-aprox-carrefour/R-553703526/p
El mercado,Salchichas Jumbo de pavo Oscar Mayer 350 g.,"2,10 €","6,00 €/kg",https://www.carrefour.es/supermercado/salchichas-jumbo-de-pavo-oscar-mayer-350-g-oscar-mayer/R-521031153/p
El mercado,Mejillón fresco Calidad y Origen Carrefour 1 kg,"2,50 €","2,50 €/kg",https://www.carrefour.es/supermercado/mejillon-fresco-calidad-y-origen-carrefour-1-kg-calidad-y-origen-carrefour/R-579901651/p
El mercado,Codillo jamón curado precortado ElPozo 500 g,"2,25 €","2,25 €/ud",https://www.carrefour.es/supermercado/codillo-jamon-curado-precortado-elpozo-500-g-elpozo/R-665801826/p
El mercado,Ensalada gourmet Florette 175 g,"1,79 €","10,23 €/kg",https://www.carrefour.es/supermercado/ensalada-gourmet-florette-175-g-florette/R-521032355/p
El mercado,"Pollo limpio entero ecológico Carrefour Bio 1,6 Kg aprox","14,80 €","9,25 €/kg",https://www.carrefour.es/supermercado/pollo-limpio-entero-ecologico-carrefour-bio-1-6-kg-aprox-carrefour-bio/R-fprod1310077/p
El mercado,Dots 52 gr,"0,29 €","5,58 €/kg",https://www.carrefour.es/supermercado/dots-52-gr/R-prod60776/p
El mercado,Paté de hígado de cerdo Tapa Negra La Piara pack de 6 unidades de 75 g.,"4,80 €","10,67 €/kg",https://www.carrefour.es/supermercado/pate-de-higado-de-cerdo-tapa-negra-la-piara-pack-de-6-unidades-de-75-g-la-piara/R-589704806/p
El mercado,Pan de molde rústico 600 g,"1,90 €","3,17 €/kg",https://www.carrefour.es/supermercado/pan-de-molde-rustico-600-g/R-525964718/p
El mercado,Alcachofas baby Carrefour 300 g.,"2,65 €","8,83 €/kg",https://www.carrefour.es/supermercado/alcachofas-baby-carrefour-300-g-carrefour/R-589702174/p
El mercado,Mini enrrollados de queso Babybel pack de 5 unidades de 17 g.,"1,64 €","24,59 €/kg",https://www.carrefour.es/supermercado/mini-enrrollados-de-queso-babybel-pack-de-5-unidades-de-17-g-babybel/R-prod720449/p
El mercado,Queso barra havarti 60% lonchas Juan Luna al corte 200 g aprox,"2,64 €","13,20 €/kg",https://www.carrefour.es/supermercado/queso-barra-havarti-60-lonchas-juan-luna-al-corte-200-g-aprox-abrilisto/R-698102545/p
El mercado,Tomate pera rama Carrefour 500 g,"1,99 €","3,98 €/kg",https://www.carrefour.es/supermercado/tomate-pera-rama-carrefour-500-g-carrefour/R-prod1090039/p
El mercado,Salchichas alemanas Frankfurt Picken 340 g.,"2,80 €","8,24 €/kg",https://www.carrefour.es/supermercado/salchichas-alemanas-frankfurt-picken-340-g-picken/R-521031164/p
El mercado,Mortadela ibérica en lonchas El Pozo 150 g.,"1,68 €","11,20 €/kg",https://www.carrefour.es/supermercado/mortadela-iberica-en-lonchas-el-pozo-150-g-elpozo/R-prod1160089/p
El mercado,Fuetec calidad extra El Pozo 170 g.,"2,05 €","12,06 €/kg",https://www.carrefour.es/supermercado/fuetec-calidad-extra-el-pozo-170-g-elpozo/R-prod490308/p
El mercado,Pan de molletes enriquecido con salvado El Antequerano envase 4 ud,"1,00 €","1,00 €/ud",https://www.carrefour.es/supermercado/pan-de-molletes-enriquecido-con-salvado-el-antequerano-envase-4-ud-suquipa/R-737026376/p
El mercado,Plátano de freir a granel 1 Kg aprox,"1,95 €","1,95 €/kg",https://www.carrefour.es/supermercado/platano-de-freir-a-granel-1-kg-aprox-carrefour/R-547901617/p
El mercado,Picos de pan con aceite de oliva Carrefour No Gluten sin gluten 100 g.,"1,50 €","15,00 €/kg",https://www.carrefour.es/supermercado/picos-de-pan-con-aceite-de-oliva-carrefour-no-gluten-sin-gluten-100-g-carrefour-no-gluten/R-prod1022832/p
El mercado,Pasta de hojaldre Buitoni 230 g.,"2,09 €","9,09 €/kg",https://www.carrefour.es/supermercado/pasta-de-hojaldre-buitoni-230-g-buitoni/R-521030352/p
El mercado,Lasaña boloñesa 380 g,"3,00 €","8,57 €/kg",https://www.carrefour.es/supermercado/lasana-bolonesa-380-g-carrefour/R-525888095/p
El mercado,Sobrasada El Pozo 250 g.,"1,46 €","5,84 €/kg",https://www.carrefour.es/supermercado/sobrasada-el-pozo-250-g-elpozo/R-526510863/p
El mercado,Varitas de merluza empanadas congeladas 400 g,"2,25 €","5,62 €/kg",https://www.carrefour.es/supermercado/varitas-de-merluza-empanadas-congeladas-400-g/R-fprod1450155/p
El mercado,Cilantro manojo de 100 g,"1,39 €","13,90 €/kg",https://www.carrefour.es/supermercado/cilantro-manojo-de-100-g/R-804523465/p
El mercado,Magdalenas caseras 420 g,"2,99 €","7,12 €/kg",https://www.carrefour.es/supermercado/magdalenas-caseras-420-g/R-526010673/p
El mercado,Melón piel de sapo Carrefour 4 kg aprox,"9,16 €","2,29 €/kg",https://www.carrefour.es/supermercado/melon-piel-de-sapo-carrefour-4-kg-aprox-carrefour/R-prod231537/p
El mercado,Supremas de salmón sin piel congelado Findus 200 g.,"7,70 €","38,50 €/kg",https://www.carrefour.es/supermercado/supremas-de-salmon-sin-piel-congelado-findus-200-g/R-VC4AECOMM-492764/p
El mercado,Picos camperos Dillepasa bolsa 500 g,"2,00 €","4,00 €/kg",https://www.carrefour.es/supermercado/picos-camperos-dillepasa-bolsa-500-g-dillepasa/R-prod731255/p
El mercado,Queso tierno en barra El Ventero al corte 150 g aprox,"1,81 €","12,10 €/kg",https://www.carrefour.es/supermercado/queso-tierno-en-barra-el-ventero-al-corte-150-g-aprox-el-ventero/R-609800552/p
El mercado,Bizcochos con naranja con una fina capa de chocolate Carrefour 300 g.,"0,99 €","3,30 €/kg",https://www.carrefour.es/supermercado/bizcochos-con-naranja-con-una-fina-capa-de-chocolate-carrefour-300-g-carrefour/R-521002876/p
El mercado,Queso fresco Vega e Hijos 250 g.,"1,84 €","7,36 €/kg",https://www.carrefour.es/supermercado/queso-fresco-vega-e-hijos-250-g-vega-e-hijos/R-526715422/p
El mercado,Queso curado mezcla ya cortado Gran Capitán cuña de 210 g,"4,30 €","20,48 €/kg",https://www.carrefour.es/supermercado/queso-curado-mezcla-ya-cortado-gran-capitan-cuna-de-210-g-gran-capitan/R-783928800/p
El mercado,Queso en lonchas Havarti 300 g.,"3,65 €","12,17 €/kg",https://www.carrefour.es/supermercado/queso-en-lonchas-havarti-300-g-arla/R-prod1130692/p
El mercado,Jamón curado en lonchas El Pozo Selección sin gluten sin lactosa 180 g.,"3,29 €","18,28 €/kg",https://www.carrefour.es/supermercado/jamon-curado-en-lonchas-el-pozo-seleccion-sin-gluten-sin-lactosa-180-g/R-VC4AECOMM-466203/p
El mercado,Pechuga de pollo asada loncheada Los Artesanos ElPozo envase 170 g,"2,30 €","13,53 €/kg",https://www.carrefour.es/supermercado/pechuga-de-pollo-asada-loncheada-los-artesanos-elpozo-envase-170-g-elpozo/R-prod271529/p
El mercado,Hinojo 1 kg aprox,"2,49 €","2,49 €/kg",https://www.carrefour.es/supermercado/hinojo-1-kg-aprox/R-525888021/p
El mercado,Sepia limpia 400 g.,"5,15 €","12,87 €/kg",https://www.carrefour.es/supermercado/sepia-limpia-400-g/R-521031265/p
El mercado,Solomillo de atún congelado Campos 250 g.,"4,10 €","16,40 €/kg",https://www.carrefour.es/supermercado/solomillo-de-atun-congelado-campos-250-g-campos/R-780048638/p
El mercado,Queso fresco de cabra Burgo de Arias pack de 3 unidades de 70 g.,"2,95 €","14,05 €/kg",https://www.carrefour.es/supermercado/queso-fresco-de-cabra-burgo-de-arias-pack-de-3-unidades-de-70-g-burgo-de-arias/R-prod680097/p
El mercado,Queso fresco batido desnatado 0% Carrefour pack de 8 unidades de 100 g.,"2,45 €","3,06 €/kg",https://www.carrefour.es/supermercado/queso-fresco-batido-desnatado-0-carrefour-pack-de-8-unidades-de-100-g-carrefour/R-686200909/p
El mercado,Salchichas con doble de leche Campofrío 140 g.,"0,79 €","5,64 €/kg",https://www.carrefour.es/supermercado/salchichas-con-doble-de-leche-campofrio-140-g-campofrio/R-prod381304/p
El mercado,"Pan hogaza quinoa, chía y espelta The Rustik Bakery 450 g.","2,19 €","4,87 €/kg",https://www.carrefour.es/supermercado/pan-hogaza-quinoa-chia-y-espelta-the-rustik-bakery-450-g-the-rustik-bakery/R-857002776/p
El mercado,Serenitos con aceite de oliva selección gourmet 130 g,"1,89 €","1,89 €/kg",https://www.carrefour.es/supermercado/serenitos-con-aceite-de-oliva-seleccion-gourmet-130-g/R-791562805/p
El mercado,Queso mini Babybel pack de 6 unidades de 20 g.,"2,40 €","20,00 €/kg",https://www.carrefour.es/supermercado/queso-mini-babybel-pack-de-6-unidades-de-20-g-babybel/R-521030744/p
El mercado,Magdalenas La Bella Easo 290 g.,"1,36 €","4,66 €/kg",https://www.carrefour.es/supermercado/magdalenas-la-bella-easo-290-g-la-bella-easo/R-557001651/p
El mercado,Pechuga de pavo sin gras El Pozo Bienstar sin gluten sin lactosa 340 gh.,"3,05 €","8,97 €/kg",https://www.carrefour.es/supermercado/pechuga-de-pavo-sin-gras-el-pozo-bienstar-sin-gluten-sin-lactosa-340-gh-elpozo-bienstar/R-526501414/p
El mercado,Brotes de espinacas ecológicas Vitacress 150 g,"2,19 €","14,60 €/kg",https://www.carrefour.es/supermercado/brotes-de-espinacas-ecologicas-vitacress-150-g-vitacress/R-853005734/p
El mercado,Paté finas hierbas + pimienta Casa Tarradellas pack de 2 unidades de 125 g.,"1,73 €","6,92 €/kg",https://www.carrefour.es/supermercado/pate-finas-hierbas-pimienta-casa-tarradellas-pack-de-2-unidades-de-125-g-casa-tarradellas/R-prod351138/p
El mercado,Chistorra de Navarra Floristán 200 g.,"1,79 €","8,95 €/kg",https://www.carrefour.es/supermercado/chistorra-de-navarra-floristan-200-g-floristan/R-521030908/p
El mercado,Queso lonchas García Baquero sin lactosa 150 g.,"2,57 €","17,13 €/kg",https://www.carrefour.es/supermercado/queso-lonchas-garcia-baquero-sin-lactosa-150-g-garcia-baquero/R-597201603/p
El mercado,Jamón serrano Delizias Noel al corte 100 g,"2,79 €","27,90 €/kg",https://www.carrefour.es/supermercado/jamon-serrano-delizias-noel-al-corte-100-g-noel/R-626301780/p
El mercado,Jamón cocido en finas lonchas El Pozo Bienstar 85 g.,"0,67 €","11,53 €/kg",https://www.carrefour.es/supermercado/jamon-cocido-en-finas-lonchas-el-pozo-bienstar-85-g-elpozo-bienstar/R-711410918/p
El mercado,Patatas fritas clásicas Carrefour 600 g.,"1,44 €","1,12 €/kg",https://www.carrefour.es/supermercado/patatas-fritas-clasicas-carrefour-600-g-carrefour/R-805525733/p
El mercado,"Pan con cereales y semillas de sésamo, lino y girasol Carrefour 450 g.","2,49 €","3,20 €/kg",https://www.carrefour.es/supermercado/pan-con-cereales-y-semillas-de-sesamo-lino-y-girasol-carrefour-450-g-carrefour/R-prod550024/p
El mercado,Pera conferencia D.O. Rincón de Soto 1 Kg aprox,"1,75 €","2,49 €/kg",https://www.carrefour.es/supermercado/pera-conferencia-do-rincon-de-soto-1-kg-aprox-carrefour/R-616401870/p
El mercado,Boquerón en vinagre 60 g,"3,25 €","29,17 €/kg",https://www.carrefour.es/supermercado/boqueron-en-vinagre-60-g/R-VC4AECOMM-568216/p
El mercado,Lacón en tapas cortadas a cuchillo MRM 170 g,"1,83 €","19,12 €/kg",https://www.carrefour.es/supermercado/lacon-en-tapas-cortadas-a-cuchillo-mrm-170-g-mrm/R-683508017/p
El mercado,Queso fundido en lonchas El Caserío 300 g.,"2,10 €","6,10 €/kg",https://www.carrefour.es/supermercado/queso-fundido-en-lonchas-el-caserio-300-g-el-caserio/R-521030612/p
El mercado,Bizcocho casero 500 g,"3,00 €","6,00 €/kg",https://www.carrefour.es/supermercado/bizcocho-casero-500-g/R-526010671/p
El mercado,Surtidos de fresas y frutos rojos de España 1 Kg,"7,95 €","10,60 €/kg",https://www.carrefour.es/supermercado/surtidos-de-fresas-y-frutos-rojos-de-espana-1-kg-carrefour/R-prod460109/p
El mercado,Queso desnatado blanco pasterizado Carrefour pack de 2 unidades de 250 g.,"1,55 €","3,10 €/kg",https://www.carrefour.es/supermercado/queso-desnatado-blanco-pasterizado-carrefour-pack-de-2-unidades-de-250-g-carrefour/R-672606340/p
El mercado,Picos reventados Carrefour 250 g.,"0,64 €","2,56 €/kg",https://www.carrefour.es/supermercado/picos-reventados-carrefour-250-g-carrefour/R-prod970954/p
El mercado,Queso rallado mozzarella Toscanella sin lactosa 150 g.,"2,09 €","13,93 €/kg",https://www.carrefour.es/supermercado/queso-rallado-mozzarella-toscanella-sin-lactosa-150-g/R-VC4AECOMM-493359/p
El mercado,Ensalada antioxidante Florette 100 g,"1,59 €","15,90 €/kg",https://www.carrefour.es/supermercado/ensalada-antioxidante-florette-100-g/R-prod1140226/p
El mercado,Queso comté D.O.P. 5 meses curación Carrefour cuña 250 g,"4,10 €","16,40 €/kg",https://www.carrefour.es/supermercado/queso-comte-dop-5-meses-curacion-carrefour-cuna-250-g-carrefour/R-815722479/p
El mercado,Pimiento ecológico Carrefour Bio 2 uds 300 g,"2,45 €","8,17 €/kg",https://www.carrefour.es/supermercado/pimiento-ecologico-carrefour-bio-2-uds-300-g-carrefour-bio/R-prod71543/p
El mercado,Paleta curada en lonchas Carrefour sin lactosa 200 g.,"3,25 €","16,25 €/kg",https://www.carrefour.es/supermercado/paleta-curada-en-lonchas-carrefour-sin-lactosa-200-g-carrefour/R-530363216/p
El mercado,Jamón cocido lonchas bajo grasa y sal Embutidos Noel 180 g,"2,10 €","12,35 €/kg",https://www.carrefour.es/supermercado/jamon-cocido-lonchas-bajo-grasa-y-sal-embutidos-noel-180-g-noel/R-prod63634/p
El mercado,Croquetas caseras de jamón ibérico 295 g,"3,49 €","3,49 €/ud",https://www.carrefour.es/supermercado/croquetas-caseras-de-jamon-iberico-295-g-carrefour/R-prod310245/p
El mercado,Jamón de cebo ibérico 50% raza ibérica 100 g,"4,90 €","49,00 €/kg",https://www.carrefour.es/supermercado/jamon-de-cebo-iberico-50-raza-iberica-100-g/R-VC4AECOMM-568357/p
El mercado,Guacamole picante Carrefour 200 g,"1,85 €","9,25 €/kg",https://www.carrefour.es/supermercado/guacamole-picante-carrefour-200-g/R-fprod1480147/p
El mercado,Queso de vaca tierno gouda de Holanda Carrefour 350 g aprox,"2,02 €","5,78 €/kg",https://www.carrefour.es/supermercado/queso-de-vaca-tierno-gouda-de-holanda-carrefour-350-g-aprox-carrefour/R-prod1130457/p
El mercado,Pepino de Almería granel 1 Kg,"1,95 €","1,95 €/kg",https://www.carrefour.es/supermercado/pepino-de-almeria-granel-1-kg/R-628401719/p
El mercado,Panecillos normales Carrefour 400 g.,"0,79 €","1,97 €/kg",https://www.carrefour.es/supermercado/panecillos-normales-carrefour-400-g-carrefour/R-791634978/p
El mercado,Gambón nº1 congelado Carrefour 1 kg aprox,"9,95 €","9,95 €/kg",https://www.carrefour.es/supermercado/gambon-n1-congelado-carrefour-1-kg-aprox-carrefour/R-609202412/p
El mercado,Pan rallado crujiente para rebozar Gallo sin lactosa 500 g.,"1,25 €","2,50 €/kg",https://www.carrefour.es/supermercado/pan-rallado-crujiente-para-rebozar-gallo-sin-lactosa-500-g-gallo/R-781837999/p
El mercado,Bizcochos con frambuesa con una fina capa de chocolate Carrefour 300 g.,"0,99 €","3,30 €/kg",https://www.carrefour.es/supermercado/bizcochos-con-frambuesa-con-una-fina-capa-de-chocolate-carrefour-300-g-carrefour/R-521002878/p
El mercado,Patata trumferoles Potatum 3 Kg,"3,99 €","1,33 €/kg",https://www.carrefour.es/supermercado/patata-trumferoles-potatum-3-kg/R-616401684/p
El mercado,Jamón cocido extra lonchas enteras Argal Bonnatur sin gluten sin lactosa 140 g.,"2,20 €","15,71 €/kg",https://www.carrefour.es/supermercado/jamon-cocido-extra-lonchas-enteras-argal-bonnatur-sin-gluten-sin-lactosa-140-g-argal-bonnatur/R-758904171/p
El mercado,Fuet Nobleza El Pozo 200 g.,"4,30 €","8,80 €/kg",https://www.carrefour.es/supermercado/fuet-nobleza-el-pozo-200-g-elpozo/R-661402464/p
El mercado,Hamburguesa de pollo ecológica Carrefour Bio 2x115 g,"2,19 €","18,70 €/kg",https://www.carrefour.es/supermercado/hamburguesa-de-pollo-ecologica-carrefour-bio-2x115-g-carrefour-bio/R-fprod1310003/p
El mercado,Patatas para hacer al horno Carrefour 600 g.,"1,79 €","2,98 €/kg",https://www.carrefour.es/supermercado/patatas-para-hacer-al-horno-carrefour-600-g-carrefour/R-869308370/p
El mercado,Magdalenas glorias Dulcesol 12 ud.,"1,11 €","2,92 €/kg",https://www.carrefour.es/supermercado/magdalenas-glorias-dulcesol-12-ud-dulcesol/R-prod68347/p
El mercado,Queso rallado gouda Miraflores sin lactosa 150 g.,"2,09 €","13,93 €/kg",https://www.carrefour.es/supermercado/queso-rallado-gouda-miraflores-sin-lactosa-150-g-miraflores/R-823818560/p
El mercado,Magdalenas cuadrada Bimbo Martínez 24 ud.,"2,55 €","3,64 €/kg",https://www.carrefour.es/supermercado/magdalenas-cuadrada-bimbo-martinez-24-ud-bimbo-martinez/R-521007224/p
El mercado,Zanahoria rallada Carrefour 150 g,"0,75 €","5,00 €/kg",https://www.carrefour.es/supermercado/zanahoria-rallada-carrefour-150-g-carrefour/R-529916711/p
El mercado,Paté de atún Casa Tarradellas 125 g.,"1,02 €","8,16 €/kg",https://www.carrefour.es/supermercado/pate-de-atun-casa-tarradellas-125-g-casa-tarradellas/R-521006594/p
El mercado,Queso en lonchas semicurado Navidul 80 g.,"1,00 €","12,50 €/kg",https://www.carrefour.es/supermercado/queso-en-lonchas-semicurado-navidul-80-g-navidul/R-791562789/p
El mercado,Jamón de pavo Carrefour sin gluten 400 g.,"1,76 €","4,40 €/kg",https://www.carrefour.es/supermercado/jamon-de-pavo-carrefour-sin-gluten-400-g-carrefour/R-prod80803/p
El mercado,Pechuga de pavo ElPozo al corte 150 g aprox,"1,70 €","6,95 €/kg",https://www.carrefour.es/supermercado/pechuga-de-pavo-elpozo-al-corte-150-g-aprox-elpozo/R-717314202/p
El mercado,Cabeza de jabalí en lonchas sin gluten y sin lactosa 120 g,"1,85 €","14,17 €/kg",https://www.carrefour.es/supermercado/cabeza-de-jabali-en-lonchas-sin-gluten-y-sin-lactosa-120-g/R-VC4AECOMM-445654/p
El mercado,Cebolla francesa Carrefour 500 g,"1,26 €","3,70 €/kg",https://www.carrefour.es/supermercado/cebolla-francesa-carrefour-500-g-carrefour/R-521031807/p
El mercado,Cebolla troceada congelada ecológica Carrefour Bio 450 g.,"1,45 €","2,80 €/kg",https://www.carrefour.es/supermercado/cebolla-troceada-congelada-ecologica-carrefour-bio-450-g/R-VC4AECOMM-496006/p
El mercado,Pan de antaño Carrefour 1 ud,"2,10 €","3,62 €/kg",https://www.carrefour.es/supermercado/pan-de-antano-carrefour-1-ud-carrefour/R-fprod1180084/p
El mercado,Jamón curado en taquitos Navidul pack de 2 unidades de 60 g.,"3,00 €","17,50 €/kg",https://www.carrefour.es/supermercado/jamon-curado-en-taquitos-navidul-pack-de-2-unidades-de-60-g-navidul/R-625801612/p
El mercado,Preparado de fabada El Chico 250 g.,"4,20 €","12,00 €/kg",https://www.carrefour.es/supermercado/preparado-de-fabada-el-chico-250-g-el-chico/R-521008141/p
El mercado,Salmón ahumado escocés,"4,95 €","46,67 €/kg",https://www.carrefour.es/supermercado/salmon-ahumado-escoces-skandia/R-521035555/p
El mercado,Gallo ración 500 g aprox,"2,55 €","9,90 €/kg",https://www.carrefour.es/supermercado/gallo-racion-500-g-aprox/R-867010415/p
El mercado,Pechuga de pavo adobada ElPozo 330 gr,"0,99 €","7,73 €/kg",https://www.carrefour.es/supermercado/pechuga-de-pavo-adobada-elpozo-330-gr-elpozo/R-521032740/p
El mercado,Pan de molde con semillas de amapola rebanado 450 g,"1,69 €","2,20 €/kg",https://www.carrefour.es/supermercado/pan-de-molde-con-semillas-de-amapola-rebanado-450-g/R-785113119/p
El mercado,Taquitos de chorizo Revilla sin gluten 150 g.,"1,07 €","11,27 €/kg",https://www.carrefour.es/supermercado/taquitos-de-chorizo-revilla-sin-gluten-150-g-revilla/R-521030930/p
El mercado,Chorizo Lonchas Revilla 70 g.,"0,79 €","15,29 €/kg",https://www.carrefour.es/supermercado/chorizo-lonchas-revilla-70-g-revilla/R-521030926/p
El mercado,Paté de hígado de cerdo Carrefour 200 g.,"1,99 €","3,95 €/kg",https://www.carrefour.es/supermercado/pate-de-higado-de-cerdo-carrefour-200-g-carrefour/R-521006579/p
El mercado,Queso en loncha tierno light Carrefour 200 g.,"1,40 €","9,95 €/kg",https://www.carrefour.es/supermercado/queso-en-loncha-tierno-light-carrefour-200-g-carrefour/R-784418084/p
El mercado,Patatas rejilla condimentadas Carrefour 600 g.,"1,79 €","2,98 €/kg",https://www.carrefour.es/supermercado/patatas-rejilla-condimentadas-carrefour-600-g-carrefour/R-prod450030/p
El mercado,Paté a la pimienta Carrefour sin gluten y sin lactosa 160 g.,"0,90 €","5,62 €/kg",https://www.carrefour.es/supermercado/pate-a-la-pimienta-carrefour-sin-gluten-y-sin-lactosa-160-g-carrefour/R-prod930006/p
El mercado,Queso rallado gratinar mozza + emmental Président 150 g.,"2,00 €","13,33 €/kg",https://www.carrefour.es/supermercado/queso-rallado-gratinar-mozza-emmental-president-150-g-president/R-625745585/p
El mercado,Pan media hogaza integral espelta 400 g,"2,00 €","5,00 €/kg",https://www.carrefour.es/supermercado/pan-media-hogaza-integral-espelta-400-g/R-VC4AECOMM-516203/p
El mercado,Queso de oveja curado con trufa Carrefour Selección cuña 200 g,"5,80 €","29,00 €/kg",https://www.carrefour.es/supermercado/queso-de-oveja-curado-con-trufa-carrefour-seleccion-cuna-200-g-carrefour-seleccion/R-prod500120/p
El mercado,Pechuga de pavo en lonchas Noel - Delizias sin gluten y sin lactosa 110 g,"1,99 €","18,09 €/kg",https://www.carrefour.es/supermercado/pechuga-de-pavo-en-lonchas-noel-delizias-sin-gluten-y-sin-lactosa-110-g-noel/R-631306759/p
El mercado,Rollitos de primavera 280 g,"3,00 €","3,00 €/ud",https://www.carrefour.es/supermercado/rollitos-de-primavera-280-g-ta-tung/R-525888287/p
El mercado,Salchichas Frankfurt con queso El Pozo sin gluten pack de 5 unidades de 140 g.,"2,00 €","3,57 €/kg",https://www.carrefour.es/supermercado/salchichas-frankfurt-con-queso-el-pozo-sin-gluten-pack-de-5-unidades-de-140-g-elpozo/R-prod860673/p
El mercado,Picos artesanos con aceite de oliva Carrefour 240 g,"1,39 €","5,79 €/kg",https://www.carrefour.es/supermercado/picos-artesanos-con-aceite-de-oliva-carrefour-240-g-carrefour/R-526104397/p
El mercado,Salchicha queso Wudy 150 g.,"0,94 €","6,27 €/kg",https://www.carrefour.es/supermercado/salchicha-queso-wudy-150-g-wudy/R-521031097/p
El mercado,Lechugas salanova 400 g,"1,19 €","0,59 €/ud",https://www.carrefour.es/supermercado/lechugas-salanova-400-g/R-prod73494/p
El mercado,Quesi semicurado mezcla García Baquero 200 g.,"3,10 €","15,50 €/kg",https://www.carrefour.es/supermercado/quesi-semicurado-mezcla-garcia-baquero-200-g-garcia-baquero/R-521030527/p
El mercado,Champiñon Carrefour Bio 300 g aprox,"2,98 €","9,95 €/kg",https://www.carrefour.es/supermercado/champinon-carrefour-bio-300-g-aprox-carrefour-bio/R-fprod1220096/p
El mercado,Masa hojaldre Carrefour pack de 2 unidades de 230 g.,"1,99 €","4,33 €/kg",https://www.carrefour.es/supermercado/masa-hojaldre-carrefour-pack-de-2-unidades-de-230-g-carrefour/R-832908377/p
El mercado,Biscottes clásicos Carrefour 800 g.,"1,99 €","2,49 €/kg",https://www.carrefour.es/supermercado/biscottes-clasicos-carrefour-800-g/R-VC4AECOMM-445176/p
El mercado,Salchichas con queso de cabra Cheeselovers Oscar Mayer sin gluten 275 g.,"2,05 €","7,45 €/kg",https://www.carrefour.es/supermercado/salchichas-con-queso-de-cabra-cheeselovers-oscar-mayer-sin-gluten-275-g-oscar-mayer/R-fprod1200093/p
El mercado,Mortadela con aceitunas en lonchas Carrefour sin gluten 250 g.,"0,93 €","3,72 €/kg",https://www.carrefour.es/supermercado/mortadela-con-aceitunas-en-lonchas-carrefour-sin-gluten-250-g/R-VC4AECOMM-506460/p
El mercado,"Queso curado mezcla Granja de la Luz cuña de 1/8, 300 g aprox","2,68 €","8,95 €/kg",https://www.carrefour.es/supermercado/queso-curado-mezcla-granja-de-la-luz-cuna-de-1-8-300-g-aprox/R-826004775/p
El mercado,Filete de merluza Argentina congelada Carrefour 1 kg.,"7,47 €","7,47 €/kg",https://www.carrefour.es/supermercado/filete-de-merluza-argentina-congelada-carrefour-1-kg-carrefour/R-823818281/p
El mercado,Patatas fritas golden long Mc Cain 1 kg.,"2,70 €","2,70 €/kg",https://www.carrefour.es/supermercado/patatas-fritas-golden-long-mc-cain-1-kg-mc-cain/R-530014441/p
El mercado,Queso parmesano reggiano Carrefour Bio 150 g,"5,95 €","39,67 €/kg",https://www.carrefour.es/supermercado/queso-parmesano-reggiano-carrefour-bio-150-g-carrefour-bio/R-fprod1260001/p
El mercado,Lomos merluza con piel ultracongelados Carrefour 400 g.,"3,20 €","8,00 €/kg",https://www.carrefour.es/supermercado/lomos-merluza-con-piel-ultracongelados-carrefour-400-g-carrefour/R-607902700/p
El mercado,Queso mascarpone Carrefour 250 g.,"1,70 €","6,80 €/kg",https://www.carrefour.es/supermercado/queso-mascarpone-carrefour-250-g-carrefour/R-521030582/p
El mercado,Chopped de lata cuadrada La Selva 150 g aprox,"1,35 €","8,99 €/kg",https://www.carrefour.es/supermercado/chopped-de-lata-cuadrada-la-selva-150-g-aprox-la-selva/R-590509290/p
El mercado,Osobuco de añojo Calidad y Origen Carrefour 700 g aprox,"5,67 €","8,10 €/kg",https://www.carrefour.es/supermercado/osobuco-de-anojo-calidad-y-origen-carrefour-700-g-aprox-calidad-y-origen-carrefour/R-prod1070075/p
El mercado,Langostino cocido congelado (30/40 ud) Pescatrade 1 kg aprox,"8,95 €","8,95 €/kg",https://www.carrefour.es/supermercado/langostino-cocido-congelado-30-40-ud-pescatrade-1-kg-aprox-pescatrade/R-582001599/p
El mercado,"Conejo entero Calidad y Origen Carrefour 1,250 Kg aprox","7,44 €","5,95 €/kg",https://www.carrefour.es/supermercado/conejo-entero-calidad-y-origen-carrefour-1-250-kg-aprox-calidad-y-origen-carrefour/R-525878262/p
El mercado,Fuet extra Carrefour sin gluten 150 g.,"1,33 €","8,87 €/kg",https://www.carrefour.es/supermercado/fuet-extra-carrefour-sin-gluten-150-g-carrefour/R-521030837/p
El mercado,Ajo morado ristra 500 g,"3,85 €","7,70 €/kg",https://www.carrefour.es/supermercado/ajo-morado-ristra-500-g/R-641401778/p
El mercado,Queso rallado cheddar,"1,66 €","11,07 €/kg",https://www.carrefour.es/supermercado/queso-rallado-cheddar-carrefour/R-prod620147/p
El mercado,Masa de hojaldre estirada Carrefour 500 g.,"1,32 €","2,64 €/kg",https://www.carrefour.es/supermercado/masa-de-hojaldre-estirada-carrefour-500-g-carrefour/R-521031393/p
El mercado,Jamón cocido El Pozo 180 g.,"2,20 €","12,22 €/kg",https://www.carrefour.es/supermercado/jamon-cocido-el-pozo-180-g-elpozo/R-725113328/p
El mercado,Queso para untar sin lactosa Carrefour No Lactosa 200 g.,"1,25 €","6,25 €/kg",https://www.carrefour.es/supermercado/queso-para-untar-sin-lactosa-carrefour-no-lactosa-200-g-carrefour-no-lactosa/R-prod231484/p
El mercado,Chorizo ibérico Palacios 250 g.,"3,85 €","15,40 €/kg",https://www.carrefour.es/supermercado/chorizo-iberico-palacios-250-g-palacios/R-805505579/p
El mercado,Chorizo extra pamplona loncheado Revilla envase 100 g,"1,00 €","14,29 €/kg",https://www.carrefour.es/supermercado/chorizo-extra-pamplona-loncheado-revilla-envase-100-g-revilla/R-671301818/p
El mercado,Cebolla dulce pelada Carrefour 500 g,"2,55 €","5,10 €/kg",https://www.carrefour.es/supermercado/cebolla-dulce-pelada-carrefour-500-g-carrefour/R-521031809/p
El mercado,Pan maxi burguer 300 g.,"0,71 €","2,37 €/kg",https://www.carrefour.es/supermercado/pan-maxi-burguer-300-g-producto-blanco/R-prod220832/p
El mercado,Salchichas vegetales ecológicas Carrefour Bio 230 g.,"2,40 €","10,43 €/kg",https://www.carrefour.es/supermercado/salchichas-vegetales-ecologicas-carrefour-bio-230-g-carrefour-bio/R-prod710041/p
El mercado,Queso emmental bloque President 250 g,"3,40 €","13,60 €/kg",https://www.carrefour.es/supermercado/queso-emmental-bloque-president-250-g/R-783928670/p
El mercado,Paté de salmón Casa Tarradellas sin gluten 125 g.,"1,02 €","8,16 €/kg",https://www.carrefour.es/supermercado/pate-de-salmon-casa-tarradellas-sin-gluten-125-g-casa-tarradellas/R-521006624/p
El mercado,Bollito recubierto de chocolate blanco rayado Donettes 7 ud.,"1,82 €","10,34 €/kg",https://www.carrefour.es/supermercado/bollito-recubierto-de-chocolate-blanco-rayado-donettes-7-ud-donettes/R-fprod1190727/p
El mercado,Pechuga de pollo en lonchas El Pozo sin gluten 200 g.,"1,40 €","10,50 €/kg",https://www.carrefour.es/supermercado/pechuga-de-pollo-en-lonchas-el-pozo-sin-gluten-200-g-elpozo/R-624703661/p
El mercado,Pan payés pequeño Hecho aquí Carrefour 400 g,"0,89 €","1,40 €/ud",https://www.carrefour.es/supermercado/pan-payes-pequeno-hecho-aqui-carrefour-400-g-carrefour/R-679001903/p
El mercado,Barra grande extra Carrefour 1 ud,"2,30 €","2,74 €/kg",https://www.carrefour.es/supermercado/barra-grande-extra-carrefour-1-ud-carrefour/R-fprod1190377/p
El mercado,Pan rústico Panrico 375 g.,"1,99 €","6,13 €/kg",https://www.carrefour.es/supermercado/pan-rustico-panrico-375-g-panrico/R-prod870802/p
El mercado,Pan alemán de centeno integral ecológico Vegalife 500 g.,"1,07 €","3,98 €/kg",https://www.carrefour.es/supermercado/pan-aleman-de-centeno-integral-ecologico-vegalife-500-g/R-VC4AECOMM-423854/p
El mercado,Paleta curada en taco Carrefour 200 g,"3,20 €","16,00 €/kg",https://www.carrefour.es/supermercado/paleta-curada-en-taco-carrefour-200-g-carrefour/R-871400632/p
El mercado,Queso mini de cabra al pimentón Carrefour 425 g,"5,95 €","14,00 €/kg",https://www.carrefour.es/supermercado/queso-mini-de-cabra-al-pimenton-carrefour-425-g-carrefour/R-fprod1260392/p
El mercado,Jamón york en taquitos Campofrío pack 2 unidades de 85 g,"2,50 €","14,71 €/kg",https://www.carrefour.es/supermercado/jamon-york-en-taquitos-campofrio-pack-2-unidades-de-85-g-campofrio/R-590503730/p
El mercado,Queso rallado mozzarella Arla 150 g.,"2,39 €","15,93 €/kg",https://www.carrefour.es/supermercado/queso-rallado-mozzarella-arla-150-g-arla/R-522714868/p
El mercado,Mejillón pasteurizado Calidad y Origen Carrefour 800 g,"3,95 €","4,94 €/kg",https://www.carrefour.es/supermercado/mejillon-pasteurizado-calidad-y-origen-carrefour-800-g-calidad-y-origen-carrefour/R-522714049/p
El mercado,Salchichas cocidas y ahumadas estilo Baviera Campofrío 260 g.,"2,20 €","8,46 €/kg",https://www.carrefour.es/supermercado/salchichas-cocidas-y-ahumadas-estilo-baviera-campofrio-260-g-campofrio/R-521031131/p
El mercado,Queso mini de cabra curado Carrefour 400 g,"5,95 €","14,87 €/kg",https://www.carrefour.es/supermercado/queso-mini-de-cabra-curado-carrefour-400-g-carrefour/R-fprod1260400/p
El mercado,Paté suave de hígado de cerdo Sólo Natural La Piara pack de 2 unidades de 75 g.,"1,06 €","7,07 €/kg",https://www.carrefour.es/supermercado/pate-suave-de-higado-de-cerdo-solo-natural-la-piara-pack-de-2-unidades-de-75-g-la-piara/R-680601805/p
El mercado,Cabecero de lomo 50 % raza ibérica Boadas sin gluten y sin lactosa 100 g,"2,50 €","25,00 €/kg",https://www.carrefour.es/supermercado/cabecero-de-lomo-50-raza-iberica-boadas-sin-gluten-y-sin-lactosa-100-g/R-fprod1450060/p
El mercado,Regañás de pan 500 g,"2,00 €","4,00 €/kg",https://www.carrefour.es/supermercado/reganas-de-pan-500-g/R-789855620/p
El mercado,Patatas en dados Carrefour 450 g.,"0,79 €","1,76 €/kg",https://www.carrefour.es/supermercado/patatas-en-dados-carrefour-450-g-carrefour/R-805726789/p
El mercado,Solomillo de cerdo ibérico Carrefour 400 g aprox,"7,16 €","17,90 €/kg",https://www.carrefour.es/supermercado/solomillo-de-cerdo-iberico-carrefour-400-g-aprox/R-VC4AECOMM-517464/p
El mercado,Carpaccio de vacuno ecológico Carrefour Bio 120 g aprox,"2,99 €","24,92 €/kg",https://www.carrefour.es/supermercado/carpaccio-de-vacuno-ecologico-carrefour-bio-120-g-aprox/R-VC4AECOMM-477312/p
El mercado,Filete de lomo de cerdo ibérico Carrefour 400 g aprox,"6,20 €","15,50 €/kg",https://www.carrefour.es/supermercado/filete-de-lomo-de-cerdo-iberico-carrefour-400-g-aprox/R-VC4AECOMM-517470/p
El mercado,Pan Payesita Carrefour 3 ud,"1,00 €","3,33 €/kg",https://www.carrefour.es/supermercado/pan-payesita-carrefour-3-ud-carrefour/R-601401346/p
El mercado,Pan tostado normal Recondo 270 g.,"1,93 €","7,15 €/kg",https://www.carrefour.es/supermercado/pan-tostado-normal-recondo-270-g-recondo/R-521002603/p
El mercado,Paté -50% grasa La Piara pack de 2 unidades de 73 g.,"2,70 €","18,49 €/kg",https://www.carrefour.es/supermercado/pate-50-grasa-la-piara-pack-de-2-unidades-de-73-g-la-piara/R-521011521/p
El mercado,Hogaza de pan aldeana Hecho aquí Carrefour 600 g,"2,20 €","3,67 €/kg",https://www.carrefour.es/supermercado/hogaza-de-pan-aldeana-hecho-aqui-carrefour-600-g-carrefour/R-608701692/p
El mercado,Queso con palitos La Vaca que ríe 280 g.,"3,85 €","13,75 €/kg",https://www.carrefour.es/supermercado/queso-con-palitos-la-vaca-que-rie-280-g-la-vaca-que-rie/R-766003217/p
El mercado,Mini croissant de mantequilla Carrefour 10 ud,"2,00 €","0,20 €/ud",https://www.carrefour.es/supermercado/mini-croissant-de-mantequilla-carrefour-10-ud-carrefour/R-663201878/p
El mercado,Masa de hojaldre con mantequilla Carrefour 230 g.,"0,99 €","4,30 €/kg",https://www.carrefour.es/supermercado/masa-de-hojaldre-con-mantequilla-carrefour-230-g-carrefour/R-prod720318/p
El mercado,Queso de untar con salmón Philadelphia 150 g.,"1,90 €","12,67 €/kg",https://www.carrefour.es/supermercado/queso-de-untar-con-salmon-philadelphia-150-g-philadelphia/R-708412804/p
El mercado,Paella marinera Apolo 1 kg.,"4,80 €","5,33 €/kg",https://www.carrefour.es/supermercado/paella-marinera-apolo-1-kg-apolo/R-746375334/p
El mercado,Hogaza de pan Carrefour 500 g.,"1,18 €","2,36 €/kg",https://www.carrefour.es/supermercado/hogaza-de-pan-carrefour-500-g/R-VC4AECOMM-436826/p
El mercado,Crema de queso semicurado Président 125 g.,"1,55 €","12,40 €/kg",https://www.carrefour.es/supermercado/crema-de-queso-semicurado-president-125-g-president/R-521030681/p
El mercado,Barritas tostadas integrales con fibra Carrefour 225 g.,"0,52 €","2,31 €/kg",https://www.carrefour.es/supermercado/barritas-tostadas-integrales-con-fibra-carrefour-225-g-carrefour/R-521002590/p
El mercado,Carne de Mejillon cocido 80/120 Carrefour 400 g.,"3,20 €","8,00 €/kg",https://www.carrefour.es/supermercado/carne-de-mejillon-cocido-80-120-carrefour-400-g-carrefour/R-522714764/p
El mercado,Filete de lomo de cerdo Carrefour 250 g aprox,"1,60 €","6,40 €/kg",https://www.carrefour.es/supermercado/filete-de-lomo-de-cerdo-carrefour-250-g-aprox-carrefour/R-prod100018/p
El mercado,Picada de ajo y perejil Fruits S&P 100 g,"1,39 €","13,90 €/kg",https://www.carrefour.es/supermercado/picada-de-ajo-y-perejil-fruits-sp-100-g-carrefour/R-616101660/p
El mercado,Salchichón ibérico extra Carrefour sin gluten pack de 2 unidades de 125 g,"1,85 €","14,80 €/kg",https://www.carrefour.es/supermercado/salchichon-iberico-extra-carrefour-sin-gluten-pack-de-2-unidades-de-125-g/R-VC4AECOMM-468304/p
El mercado,Salmón Marinado Carrefour 100 g.,"2,90 €","29,00 €/kg",https://www.carrefour.es/supermercado/salmon-marinado-carrefour-100-g-carrefour/R-521016506/p
El mercado,Brócoli Findus 750 g.,"3,80 €","5,63 €/kg",https://www.carrefour.es/supermercado/brocoli-findus-750-g-findus/R-617901867/p
El mercado,Queso fresco cottage Protein Arla 200 g.,"2,95 €","8,45 €/kg",https://www.carrefour.es/supermercado/queso-fresco-cottage-protein-arla-200-g-arla/R-prod650321/p
El mercado,Palitos de supremas de mar 375 g,"1,22 €","7,87 €/kg",https://www.carrefour.es/supermercado/palitos-de-supremas-de-mar-375-g/R-VC4AECOMM-495352/p
El mercado,Seta laminada Carrefour 250 g aprox,"1,05 €","4,90 €/kg",https://www.carrefour.es/supermercado/seta-laminada-carrefour-250-g-aprox-carrefour/R-fprod1220142/p
El mercado,Zanahoria Calidad y Origen Carrefour 125 g,"1,95 €","8,40 €/kg",https://www.carrefour.es/supermercado/zanahoria-calidad-y-origen-carrefour-125-g-calidad-y-origen-carrefour/R-fprod1190595/p
El mercado,Pan Superburguer Brioche 330 g,"3,74 €","5,91 €/kg",https://www.carrefour.es/supermercado/pan-superburguer-brioche-330-g/R-VC4AECOMM-488680/p
El mercado,Ensaladilla congelada Findus 1 kg.,"0,90 €","3,74 €/kg",https://www.carrefour.es/supermercado/ensaladilla-congelada-findus-1-kg-findus/R-712515227/p
El mercado,Bocaditos Carrefour 370 g.,"1,10 €","2,43 €/kg",https://www.carrefour.es/supermercado/bocaditos-carrefour-370-g-carrefour/R-682401711/p
El mercado,Perejil ultracongelado Carrefour 50 g.,"3,28 €","11,00 €/kg",https://www.carrefour.es/supermercado/perejil-ultracongelado-carrefour-50-g-carrefour/R-prod210275/p
El mercado,"Queso curado de oveja Legio cuña de 1/8, 300 g aprox","2,40 €","10,95 €/kg",https://www.carrefour.es/supermercado/queso-curado-de-oveja-legio-cuna-de-1-8-300-g-aprox/R-prod490402/p
El mercado,Queso rallado emmental ecológico Carrefour Bio 200g.,"2,10 €","12,00 €/kg",https://www.carrefour.es/supermercado/queso-rallado-emmental-ecologico-carrefour-bio-200g/R-VC4AECOMM-435090/p
El mercado,Salchichas con queso cheddar Cheeselovers Oscar Mayer sin gluten 275 g.,"2,10 €","7,64 €/kg",https://www.carrefour.es/supermercado/salchichas-con-queso-cheddar-cheeselovers-oscar-mayer-sin-gluten-275-g-oscar-mayer/R-fprod1200094/p
El mercado,Salchichas Frankfurt El Pozo pack de 4 unidades 170 g,"1,69 €","3,09 €/kg",https://www.carrefour.es/supermercado/salchichas-frankfurt-el-pozo-pack-de-4-unidades-170-g/R-VC4AECOMM-529783/p
El mercado,Pimiento picante 200 g,"7,30 €","8,45 €/kg",https://www.carrefour.es/supermercado/pimiento-picante-200-g/R-557501565/p
El mercado,Compango asturiano De Nuetra Tierra 400 g.,"0,55 €","18,25 €/kg",https://www.carrefour.es/supermercado/compango-asturiano-de-nuetra-tierra-400-g-de-nuestra-tierra/R-521013866/p
El mercado,Queso fresco de vaca semigraso de Burgos Angulo 150 g aprox,"1,27 €","8,50 €/kg",https://www.carrefour.es/supermercado/queso-fresco-de-vaca-semigraso-de-burgos-angulo-150-g-aprox-angulo/R-577901519/p
El mercado,Jamón de cebo ibérico Selección,"3,39 €","56,50 €/kg",https://www.carrefour.es/supermercado/jamon-de-cebo-iberico-seleccion-legado-elpozo/R-prod650063/p
El mercado,Filetes 1ª B de añojo Calidad y Origen Carrefour 300 g aprox,"2,61 €","8,70 €/kg",https://www.carrefour.es/supermercado/filetes-1-b-de-anojo-calidad-y-origen-carrefour-300-g-aprox-calidad-y-origen-carrefour/R-prod1070080/p
El mercado,Queso fresco tradicional Carrefour 250 g.,"1,29 €","5,16 €/kg",https://www.carrefour.es/supermercado/queso-fresco-tradicional-carrefour-250-g-carrefour/R-618303487/p
El mercado,Queso azul light en porciones La Vaca que ríe 250 g.,"2,26 €","9,04 €/kg",https://www.carrefour.es/supermercado/queso-azul-light-en-porciones-la-vaca-que-rie-250-g-la-vaca-que-rie/R-871004978/p
El mercado,Hamburguesa de vacuno pata negra 2x150 gr,"4,20 €","14,00 €/kg",https://www.carrefour.es/supermercado/hamburguesa-de-vacuno-pata-negra-2x150-gr/R-prod460032/p
El mercado,Mini tostadas Carrefour 200 g.,"2,10 €","10,50 €/kg",https://www.carrefour.es/supermercado/mini-tostadas-carrefour-200-g-carrefour/R-526510765/p
El mercado,Pechuga de pollo Campofrío Finissimas 170 g.,"0,99 €","15,29 €/kg",https://www.carrefour.es/supermercado/pechuga-de-pollo-campofrio-finissimas-170-g-campofrio-finissimas/R-804987722/p
El mercado,Salchichas BIG pavo El Pozo pack de 3 unidades de 200 g.,"1,06 €","3,18 €/kg",https://www.carrefour.es/supermercado/salchichas-big-pavo-el-pozo-pack-de-3-unidades-de-200-g-elpozo/R-766916874/p
El mercado,"Queso blanco pasteurizado bajo contenido de sal Carrefour pack de 4 unidades de 62,5 g.","3,09 €","3,96 €/kg",https://www.carrefour.es/supermercado/queso-blanco-pasteurizado-bajo-contenido-de-sal-carrefour-pack-de-4-unidades-de-62-5-g-carrefour/R-521030563/p
El mercado,Mortadela ibérica Legado El Pozo sin gluten 150 g aprox,"2,15 €","7,10 €/kg",https://www.carrefour.es/supermercado/mortadela-iberica-legado-el-pozo-sin-gluten-150-g-aprox-legado-elpozo/R-615401890/p
El mercado,"Melón galia 1,350 kg aprox","1,00 €","2,29 €/kg",https://www.carrefour.es/supermercado/melon-galia-1-350-kg-aprox-carrefour/R-521032180/p
El mercado,Masa pizza ecológica Carrefour Bio 260 g.,"1,20 €","8,27 €/kg",https://www.carrefour.es/supermercado/masa-pizza-ecologica-carrefour-bio-260-g-carrefour-bio/R-640001991/p
El mercado,Queso en lonchas suaves Burgo de Arias 125 g.,"1,99 €","13,20 €/kg",https://www.carrefour.es/supermercado/queso-en-lonchas-suaves-burgo-de-arias-125-g-burgo-de-arias/R-780047502/p
El mercado,Jamón curado 25% menos de sal Navidul sin gluten 50 g.,"1,79 €","20,00 €/kg",https://www.carrefour.es/supermercado/jamon-curado-25-menos-de-sal-navidul-sin-gluten-50-g-navidul/R-837617273/p
El mercado,Lechuga hoja de roble roja 1 ud,"1,55 €","1,20 €/ud",https://www.carrefour.es/supermercado/lechuga-hoja-de-roble-roja-1-ud/R-521032295/p
El mercado,Magdalenas 0% azúcares La Bella Easo 240 g.,"1,68 €","8,29 €/kg",https://www.carrefour.es/supermercado/magdalenas-0-azucares-la-bella-easo-240-g-la-bella-easo/R-762102327/p
El mercado,Tomate cocktail romántico Carrefour 225 g,"11,25 €","7,96 €/kg",https://www.carrefour.es/supermercado/tomate-cocktail-romantico-carrefour-225-g-carrefour/R-prod301502/p
El mercado,Crema cheddar Président 125 g.,"0,83 €","12,40 €/kg",https://www.carrefour.es/supermercado/crema-cheddar-president-125-g-president/R-521030671/p
El mercado,Queso rallado cheddar Margui 200 g.,"2,50 €","8,40 €/kg",https://www.carrefour.es/supermercado/queso-rallado-cheddar-margui-200-g-margui/R-846200385/p
El mercado,Queso curado puro de oveja mini Carrefour pieza de 1 Kg aprox,"1,99 €","9,45 €/kg",https://www.carrefour.es/supermercado/queso-curado-puro-de-oveja-mini-carrefour-pieza-de-1-kg-aprox-carrefour/R-787714409/p
El mercado,Salchichas Jumbo de pollo Oscar Mayer 350 g.,"2,10 €","6,00 €/kg",https://www.carrefour.es/supermercado/salchichas-jumbo-de-pollo-oscar-mayer-350-g-oscar-mayer/R-521033027/p
El mercado,Tostadas crujientes de centeno y sésamo Carrefour 250 g.,"0,93 €","3,72 €/kg",https://www.carrefour.es/supermercado/tostadas-crujientes-de-centeno-y-sesamo-carrefour-250-g/R-prod731200/p
El mercado,Jamón serrano natural en lonchas extrafinas 100 g,"1,99 €","19,90 €/kg",https://www.carrefour.es/supermercado/jamon-serrano-natural-en-lonchas-extrafinas-100-g/R-VC4AECOMM-426357/p
El mercado,Pan tostado con sésamo Wasa 200 g.,"2,39 €","11,95 €/kg",https://www.carrefour.es/supermercado/pan-tostado-con-sesamo-wasa-200-g-wasa/R-526510889/p
El mercado,Huevas de lumpo negras Carrefour 80 g.,"2,20 €","27,50 €/kg",https://www.carrefour.es/supermercado/huevas-de-lumpo-negras-carrefour-80-g-carrefour/R-prod550271/p
El mercado,Lubina grande ecológica 700 g aprox,"9,73 €","13,90 €/kg",https://www.carrefour.es/supermercado/lubina-grande-ecologica-700-g-aprox/R-prod630091/p
El mercado,Chuletas de cordero lechal 450 g aprox,"11,65 €","25,90 €/kg",https://www.carrefour.es/supermercado/chuletas-de-cordero-lechal-450-g-aprox-carrefour/R-521033915/p
El mercado,Barra de pan integral 100% Hecho aquí Carrefour 200 g,"0,99 €","0,99 €/ud",https://www.carrefour.es/supermercado/barra-de-pan-integral-100-hecho-aqui-carrefour-200-g-carrefour/R-prod290957/p
El mercado,Salteado estilo Parisino Bonduelle 400 g.,"2,25 €","5,50 €/kg",https://www.carrefour.es/supermercado/salteado-estilo-parisino-bonduelle-400-g/R-VC4AECOMM-436198/p
El mercado,Jamón serrano reserva en loncha entera Carrefour sin lactosa 130 g.,"1,39 €","17,31 €/kg",https://www.carrefour.es/supermercado/jamon-serrano-reserva-en-loncha-entera-carrefour-sin-lactosa-130-g/R-VC4AECOMM-436271/p
El mercado,Tomate natural rallado con Aceite de Oliva Virgen Surinver 230 g,"0,79 €","6,04 €/kg",https://www.carrefour.es/supermercado/tomate-natural-rallado-con-aceite-de-oliva-virgen-surinver-230-g/R-prod790053/p
El mercado,Pan de la abuela 360 g,"1,95 €","2,19 €/kg",https://www.carrefour.es/supermercado/pan-de-la-abuela-360-g/R-VC4AECOMM-550664/p
El mercado,Tostadas pan chapata Recondo 167 g.,"1,17 €","11,68 €/kg",https://www.carrefour.es/supermercado/tostadas-pan-chapata-recondo-167-g-recondo/R-855700390/p
El mercado,Queso fresco cincho Carrefour 150 g aprox,"2,39 €","7,80 €/kg",https://www.carrefour.es/supermercado/queso-fresco-cincho-carrefour-150-g-aprox-carrefour/R-603504388/p
El mercado,Queso havarti light en lonchas Arla 150 g.,"1,84 €","15,93 €/kg",https://www.carrefour.es/supermercado/queso-havarti-light-en-lonchas-arla-150-g-arla/R-522714724/p
El mercado,Pan tostado con trigo integral ecológico Carrefour Bio 250 g.,"1,44 €","7,36 €/kg",https://www.carrefour.es/supermercado/pan-tostado-con-trigo-integral-ecologico-carrefour-bio-250-g-carrefour-bio/R-662401918/p
El mercado,Pan de molde integral sin corteza Casado 450 g.,"0,95 €","3,20 €/kg",https://www.carrefour.es/supermercado/pan-de-molde-integral-sin-corteza-casado-450-g-casado/R-prod391392/p
El mercado,Chopped Pork Tp Ricura ElPozo 250 g,"3,54 €","3,80 €/kg",https://www.carrefour.es/supermercado/chopped-pork-tp-ricura-elpozo-250-g-elpozo/R-prod720394/p
El mercado,Jamón serrano reserva medias lonchas Carrefour sin lactosa pack de 2 unidades de 120 g.,"2,75 €","14,75 €/kg",https://www.carrefour.es/supermercado/jamon-serrano-reserva-medias-lonchas-carrefour-sin-lactosa-pack-de-2-unidades-de-120-g/R-VC4AECOMM-436276/p
El mercado,Chorizo extra curado Revilla al corte 250 g aprox,"1,55 €","10,99 €/kg",https://www.carrefour.es/supermercado/chorizo-extra-curado-revilla-al-corte-250-g-aprox-revilla/R-609800544/p
El mercado,Tomate natural rallado ecológico Tropic 230 g,"3,00 €","6,74 €/kg",https://www.carrefour.es/supermercado/tomate-natural-rallado-ecologico-tropic-230-g/R-prod250554/p
El mercado,Lasaña de espinacas y crema de queso fundido de cabra Carrefour 380 g,"1,00 €","8,57 €/kg",https://www.carrefour.es/supermercado/lasana-de-espinacas-y-crema-de-queso-fundido-de-cabra-carrefour-380-g-carrefour/R-793846722/p
El mercado,Queso de cabra tierno en lonchas El Pastor 70 g.,"2,25 €","14,29 €/kg",https://www.carrefour.es/supermercado/queso-de-cabra-tierno-en-lonchas-el-pastor-70-g-el-pastor/R-847106031/p
El mercado,Queso rallado emmental Margui 400 g.,"2,70 €","6,75 €/kg",https://www.carrefour.es/supermercado/queso-rallado-emmental-margui-400-g-margui/R-846200387/p
El mercado,Paté de hígado de cerdo Tapa Negra La Piara 230 g.,"2,69 €","11,70 €/kg",https://www.carrefour.es/supermercado/pate-de-higado-de-cerdo-tapa-negra-la-piara-230-g-la-piara/R-521006573/p
El mercado,Raclette en lonchas Carrefour 400 g.,"3,85 €","9,62 €/kg",https://www.carrefour.es/supermercado/raclette-en-lonchas-carrefour-400-g-carrefour/R-521030713/p
El mercado,Fuet extra Sabores de la Garrotxa pieza Embutidos Noel 175 g,"1,95 €","11,47 €/kg",https://www.carrefour.es/supermercado/fuet-extra-sabores-de-la-garrotxa-pieza-embutidos-noel-175-g-noel/R-591001537/p
El mercado,Col china 1 ud,"2,29 €","2,29 €/ud",https://www.carrefour.es/supermercado/col-china-1-ud/R-521033188/p
El mercado,Hamburguesa de vacuno raza frisona 240 g,"1,95 €","8,12 €/kg",https://www.carrefour.es/supermercado/hamburguesa-de-vacuno-raza-frisona-240-g/R-VC4AECOMM-567630/p
El mercado,Salchichas cocidas y ahumadas de pollo Carrefour 200 g.,"0,60 €","3,00 €/kg",https://www.carrefour.es/supermercado/salchichas-cocidas-y-ahumadas-de-pollo-carrefour-200-g-carrefour/R-521031141/p
El mercado,Pechuga de pavo Carrefour sin gluten pieza de 400 g.,"2,25 €","5,62 €/kg",https://www.carrefour.es/supermercado/pechuga-de-pavo-carrefour-sin-gluten-pieza-de-400-g-carrefour/R-prod81161/p
El mercado,Pan de cereales mediano 500 g,"2,50 €","5,00 €/kg",https://www.carrefour.es/supermercado/pan-de-cereales-mediano-500-g/R-608101503/p
El mercado,Bacon lonchas ecológico Biobardales 100 g.,"2,39 €","23,90 €/kg",https://www.carrefour.es/supermercado/bacon-lonchas-ecologico-biobardales-100-g-biobardales/R-590205589/p
El mercado,Bacon en lonchas El Pozo 120 g.,"1,00 €","10,00 €/kg",https://www.carrefour.es/supermercado/bacon-en-lonchas-el-pozo-120-g-elpozo/R-541301766/p
El mercado,Jamón cocido extra braseado El Pozo Edición 1954 al corte sin gluten 150 g aprox,"4,38 €","7,95 €/kg",https://www.carrefour.es/supermercado/jamon-cocido-extra-braseado-el-pozo-edicion-1954-al-corte-sin-gluten-150-g-aprox-elpozo/R-835367307/p
El mercado,Longaniza blanca fresca de cerdo ibérico La Nuncia 300 g,"2,30 €","10,95 €/kg",https://www.carrefour.es/supermercado/longaniza-blanca-fresca-de-cerdo-iberico-la-nuncia-300-g-la-nuncia/R-732408754/p
El mercado,Palitos de trigo con pipas Grefusa Snatt's pack de 4 unidades de 40 g.,"1,65 €","14,37 €/kg",https://www.carrefour.es/supermercado/palitos-de-trigo-con-pipas-grefusa-snatts-pack-de-4-unidades-de-40-g-grefusa-snatts/R-772109379/p
El mercado,Pulpa de aguacate Carrefour 125 g,"4,15 €","13,20 €/kg",https://www.carrefour.es/supermercado/pulpa-de-aguacate-carrefour-125-g/R-fprod1480161/p
El mercado,Queso camembert Caprice Des Dieux 200 g,"1,00 €","20,75 €/kg",https://www.carrefour.es/supermercado/queso-camembert-caprice-des-dieux-200-g-caprice-des-dieux/R-785831977/p
El mercado,Paté a las finas hierbas Casa Tarradellas sin gluten 125 g.,"1,18 €","8,00 €/kg",https://www.carrefour.es/supermercado/pate-a-las-finas-hierbas-casa-tarradellas-sin-gluten-125-g-casa-tarradellas/R-521006622/p
El mercado,Queso rallado topping pizza Royal 115 g.,"1,80 €","10,26 €/kg",https://www.carrefour.es/supermercado/queso-rallado-topping-pizza-royal-115-g-royal/R-796400263/p
El mercado,Barra de pan rústica multicereales rebanada 400 g,"2,09 €","4,50 €/kg",https://www.carrefour.es/supermercado/barra-de-pan-rustica-multicereales-rebanada-400-g/R-543201980/p
El mercado,Judía verde plana Findus 400 g.,"2,90 €","4,12 €/kg",https://www.carrefour.es/supermercado/judia-verde-plana-findus-400-g-findus/R-617901855/p
El mercado,Queso emmental loncheado Carrefour sin lactosa 150 g.,"3,80 €","13,93 €/kg",https://www.carrefour.es/supermercado/queso-emmental-loncheado-carrefour-sin-lactosa-150-g-carrefour-no-lactosa/R-784418122/p
El mercado,Tronquitos de Merluza del cabo ultracongelados Carrefour 500 g.,"2,90 €","5,80 €/kg",https://www.carrefour.es/supermercado/tronquitos-de-merluza-del-cabo-ultracongelados-carrefour-500-g-carrefour/R-807575378/p
La despensa,Leche semidesnatada Carrefour brik 1l.,"0,99 €","0,56 €/l",https://www.carrefour.es/supermercado/leche-semidesnatada-carrefour-brik-1l-carrefour/R-521007071/p
La despensa,Tomate frito Carrefour pack de 3 briks de 390 g.,"0,69 €","0,85 €/kg",https://www.carrefour.es/supermercado/tomate-frito-carrefour-pack-de-3-briks-de-390-g-carrefour/R-767407262/p
La despensa,Garbanzo cocido categoría extra Carrefour 400 g.,"2,99 €","1,73 €/kg",https://www.carrefour.es/supermercado/garbanzo-cocido-categoria-extra-carrefour-400-g-carrefour/R-521005495/p
La despensa,Leche entera Carrefour brik 1l.,"1,14 €","0,56 €/l",https://www.carrefour.es/supermercado/leche-entera-carrefour-brik-1l-carrefour/R-521006992/p
La despensa,Huevos camperos Pazo de Vilane 12 ud.,"0,73 €","2,99 €/docena",https://www.carrefour.es/supermercado/huevos-camperos-pazo-de-vilane-12-ud-pazo-de-vilane/R-527054495/p
La despensa,"Azúcar blanco Azucarera 1,5 kg.","5,11 €","0,76 €/kg",https://www.carrefour.es/supermercado/azucar-blanco-azucarera-1-5-kg-azucarera/R-818615348/p
La despensa,Macarrones Carrefour 1 kg.,"0,99 €","0,73 €/kg",https://www.carrefour.es/supermercado/macarrones-carrefour-1-kg-carrefour/R-544501833/p
La despensa,Atún claro en aceite de oliva Carrefour pack de 8 latas de 52 g.,"0,45 €","12,28 €/kg",https://www.carrefour.es/supermercado/atun-claro-en-aceite-de-oliva-carrefour-pack-de-8-latas-de-52-g-carrefour/R-prod820096/p
La despensa,Aceite de girasol Carrefour 1 l.,"0,79 €","0,99 €/l",https://www.carrefour.es/supermercado/aceite-de-girasol-carrefour-1-l-carrefour/R-521009768/p
La despensa,Leche desnatada Carrefour brik 1L.,"1,92 €","0,56 €/l",https://www.carrefour.es/supermercado/leche-desnatada-carrefour-brik-1l-carrefour/R-521007093/p
La despensa,Tomate triturado Carrefour lata de 390 g.,"1,52 €","1,12 €/kg",https://www.carrefour.es/supermercado/tomate-triturado-carrefour-lata-de-390-g-carrefour/R-fprod1190604/p
La despensa,Arroz categoría primera Carrefour 1 kg.,"1,32 €","0,79 €/kg",https://www.carrefour.es/supermercado/arroz-categoria-primera-carrefour-1-kg-carrefour/R-prod1022743/p
La despensa,Atún claro en aceite de oliva Carrefour pack de 3 latas de 52 g.,"3,30 €","12,31 €/kg",https://www.carrefour.es/supermercado/atun-claro-en-aceite-de-oliva-carrefour-pack-de-3-latas-de-52-g-carrefour/R-521006173/p
La despensa,Arroz redondo Sos 1 kg.,"0,73 €","1,52 €/kg",https://www.carrefour.es/supermercado/arroz-redondo-sos-1-kg-sos/R-521012514/p
La despensa,Nata para cocinar Carrefour pack de 3 unidades de 200 ml.,"0,79 €","2,20 €/l",https://www.carrefour.es/supermercado/nata-para-cocinar-carrefour-pack-de-3-unidades-de-200-ml/R-VC4AECOMM-465812/p
La despensa,Atún claro al natural Carrefour pack de 6 latas de 56 g.,"3,26 €","9,82 €/kg",https://www.carrefour.es/supermercado/atun-claro-al-natural-carrefour-pack-de-6-latas-de-56-g-carrefour/R-prod620143/p
La despensa,Espaguetis Carrefour 1 kg.,"2,89 €","0,73 €/kg",https://www.carrefour.es/supermercado/espaguetis-carrefour-1-kg-carrefour/R-544501835/p
La despensa,Leche entera Central Lechera Asturiana brik 1 l.,"1,59 €","0,79 €/l",https://www.carrefour.es/supermercado/leche-entera-central-lechera-asturiana-brik-1-l-central-lechera-asturiana/R-521006994/p
La despensa,Caldo casero de pollo Gallina Blanca sin gluten y sin lactosa pack de 2 briks de 1 l.,"0,93 €","1,63 €/l",https://www.carrefour.es/supermercado/caldo-casero-de-pollo-gallina-blanca-sin-gluten-y-sin-lactosa-pack-de-2-briks-de-1-l-gallina-blanca/R-680702146/p
La despensa,Huevos L camperos Calidad y Origen Carrefour 12 ud.,"1,99 €","2,89 €/docena",https://www.carrefour.es/supermercado/huevos-l-camperos-calidad-y-origen-carrefour-12-ud-calidad-y-origen-carrefour/R-prod970492/p
La despensa,Lenteja pardina categoría extra Carrefour 1 kg.,"1,45 €","1,45 €/kg",https://www.carrefour.es/supermercado/lenteja-pardina-categoria-extra-carrefour-1-kg-carrefour/R-616401946/p
La despensa,Macarrones plumas nº6 Gallo 750 g.,"0,75 €","1,60 €/kg",https://www.carrefour.es/supermercado/macarrones-plumas-n6-gallo-750-g-gallo/R-591501580/p
La despensa,Leche semidesnatada Carrefour sin lactosa brik 1 l.,"0,23 €","0,75 €/l",https://www.carrefour.es/supermercado/leche-semidesnatada-carrefour-sin-lactosa-brik-1-l-carrefour/R-714713105/p
La despensa,Sal marina fina Carrefour 1 kg.,"0,43 €","0,23 €/kg",https://www.carrefour.es/supermercado/sal-marina-fina-carrefour-1-kg-carrefour/R-521005130/p
La despensa,Harina de trigo Carrefour 1 kg.,"0,78 €","0,43 €/kg",https://www.carrefour.es/supermercado/harina-de-trigo-carrefour-1-kg-carrefour/R-538408167/p
La despensa,Fideo cabellín Carrefour 1 kg.,"0,90 €","0,78 €/kg",https://www.carrefour.es/supermercado/fideo-cabellin-carrefour-1-kg-carrefour/R-544501831/p
La despensa,Leche semidesnatada Central Lechera Asturiana sin lactosa brik 1 l.,"0,34 €","0,89 €/l",https://www.carrefour.es/supermercado/leche-semidesnatada-central-lechera-asturiana-sin-lactosa-brik-1-l-central-lechera-asturiana/R-670001999/p
La despensa,Galletas María dorada Carrefour 800 g.,"1,19 €","1,12 €/kg",https://www.carrefour.es/supermercado/galletas-maria-dorada-carrefour-800-g-carrefour/R-fprod1220431/p
La despensa,Espaguetis nº3 Gallo 750 g.,"0,89 €","1,65 €/kg",https://www.carrefour.es/supermercado/espaguetis-n3-gallo-750-g-gallo/R-591501578/p
La despensa,Levadura fresca Levanova sin gluten pack de 2 sobres de 25 g.,"1,95 €","6,80 €/kg",https://www.carrefour.es/supermercado/levadura-fresca-levanova-sin-gluten-pack-de-2-sobres-de-25-g-levanova/R-805763827/p
La despensa,Maíz Dulce Carrefour pack de 3unidades de 140 g.,"0,59 €","2,83 €/kg",https://www.carrefour.es/supermercado/maiz-dulce-carrefour-pack-de-3unidades-de-140-g-carrefour/R-804031787/p
La despensa,Garbanzo cocido categoría extra Luengo 400 g.,"0,97 €","2,22 €/kg",https://www.carrefour.es/supermercado/garbanzo-cocido-categoria-extra-luengo-400-g-luengo/R-546305864/p
La despensa,"Yogur de fresa, de macedonia, de limón y de fresa-plátano Carrefour pack de 16 unidades de 125 g.","0,89 €","0,97 €/kg",https://www.carrefour.es/supermercado/yogur-de-fresa-de-macedonia-de-limon-y-de-fresa-platano-carrefour-pack-de-16-unidades-de-125-g-carrefour/R-prod970436/p
La despensa,Espirales vegetales Carrefour 500 g.,"2,90 €","1,18 €/kg",https://www.carrefour.es/supermercado/espirales-vegetales-carrefour-500-g-carrefour/R-521005645/p
La despensa,Harina de trigo Gallo 1 kg.,"3,45 €","0,97 €/kg",https://www.carrefour.es/supermercado/harina-de-trigo-gallo-1-kg-gallo/R-521005396/p
La despensa,Leche entera Pascual brik 1 l.,"2,75 €","0,89 €/l",https://www.carrefour.es/supermercado/leche-entera-pascual-brik-1-l-pascual/R-521006986/p
La despensa,Lenteja pardina categoría extra Luengo 1 kg.,"1,94 €","2,90 €/kg",https://www.carrefour.es/supermercado/lenteja-pardina-categoria-extra-luengo-1-kg-luengo/R-526538843/p
La despensa,Aceite de oliva virgen extra Carrefour 1 l.,"0,51 €","3,45 €/l",https://www.carrefour.es/supermercado/aceite-de-oliva-virgen-extra-carrefour-1-l-carrefour/R-520660335/p
La despensa,"Galletas con cereales, vitaminas y calcio Tosta Rica Cuétara 800 g.","0,82 €","3,20 €/kg",https://www.carrefour.es/supermercado/galletas-con-cereales-vitaminas-y-calcio-tosta-rica-cuetara-800-g-cuetara/R-740905726/p
La despensa,Galletas Dinosaurus Artiach 411 g.,"0,24 €","4,72 €/kg",https://www.carrefour.es/supermercado/galletas-dinosaurus-artiach-411-g-artiach/R-521002927/p
La despensa,Tiburón Carrefour 500 g.,"1,10 €","1,02 €/kg",https://www.carrefour.es/supermercado/tiburon-carrefour-500-g-carrefour/R-544101810/p
La despensa,Alubia cocida categoría extra Carrefour 400 g.,"0,59 €","1,48 €/kg",https://www.carrefour.es/supermercado/alubia-cocida-categoria-extra-carrefour-400-g-carrefour/R-521005493/p
La despensa,"Leche semidesnatada Central Lechera Asturiana botella 2,2 l.","1,67 €","0,76 €/l",https://www.carrefour.es/supermercado/leche-semidesnatada-central-lechera-asturiana-botella-2-2-l-central-lechera-asturiana/R-740504205/p
La despensa,Caldo casero de pollo Gallina Blanca pack de 4 briks de 1 l.,"4,75 €","1,34 €/l",https://www.carrefour.es/supermercado/caldo-casero-de-pollo-gallina-blanca-pack-de-4-briks-de-1-l-gallina-blanca/R-682801675/p
La despensa,Aceite de girasol Carrefour garrafa 5 l.,"0,69 €","0,95 €/l",https://www.carrefour.es/supermercado/aceite-de-girasol-carrefour-garrafa-5-l-carrefour/R-520661084/p
La despensa,Natillas de vainilla Carrefour pack de 4 unidades de 125 g.,"1,99 €","1,38 €/kg",https://www.carrefour.es/supermercado/natillas-de-vainilla-carrefour-pack-de-4-unidades-de-125-g-carrefour/R-835176181/p
La despensa,Aceitunas verdes rellenas de anchoa Carrefour pack de 3 unidades de 150 g.,"0,75 €","4,42 €/kg",https://www.carrefour.es/supermercado/aceitunas-verdes-rellenas-de-anchoa-carrefour-pack-de-3-unidades-de-150-g/R-VC4AECOMM-441977/p
La despensa,Leche desnatada Carrefour sin lactosa brik 1 l.,"2,60 €","0,75 €/l",https://www.carrefour.es/supermercado/leche-desnatada-carrefour-sin-lactosa-brik-1-l-carrefour/R-714713109/p
La despensa,Nueces sin cáscara Carrefour 200 g.,"0,79 €","13,00 €/kg",https://www.carrefour.es/supermercado/nueces-sin-cascara-carrefour-200-g-carrefour/R-521003605/p
La despensa,Leche semidesnatada Président brik 1 l.,"0,71 €","0,63 €/l",https://www.carrefour.es/supermercado/leche-semidesnatada-president-brik-1-l-president/R-521007081/p
La despensa,Leche desnatada Central Lechera Asturiana brik 1 l.,"0,82 €","0,79 €/l",https://www.carrefour.es/supermercado/leche-desnatada-central-lechera-asturiana-brik-1-l-central-lechera-asturiana/R-521007089/p
La despensa,"Aceite de oliva suave 0,4º Carrefour garrafa 5 l.","2,15 €","2,08 €/l",https://www.carrefour.es/supermercado/aceite-de-oliva-suave-0-4-carrefour-garrafa-5-l-carrefour/R-526600668/p
La despensa,Tomate triturado Carrefour 780 g.,"0,49 €","0,91 €/kg",https://www.carrefour.es/supermercado/tomate-triturado-carrefour-780-g-carrefour/R-791942743/p
La despensa,Caldo de pollo Carrefour sin gluten brik 1 l.,"0,89 €","0,82 €/l",https://www.carrefour.es/supermercado/caldo-de-pollo-carrefour-sin-gluten-brik-1-l-carrefour/R-521005786/p
La despensa,Galletas avena choco Digestive Gullón 425 g.,"1,70 €","3,04 €/kg",https://www.carrefour.es/supermercado/galletas-avena-choco-digestive-gullon-425-g-gullon/R-590204389/p
La despensa,Huevos XL Carrefour 12 ud.,"1,93 €","2,15 €/docena",https://www.carrefour.es/supermercado/huevos-xl-carrefour-12-ud-carrefour/R-521032778/p
La despensa,Vinagre de vino blanco Carrefour 1 l.,"0,77 €","0,49 €/l",https://www.carrefour.es/supermercado/vinagre-de-vino-blanco-carrefour-1-l-carrefour/R-531705309/p
La despensa,Leche desnatada 0% MG Pascual brik 1 l.,"0,41 €","0,89 €/l",https://www.carrefour.es/supermercado/leche-desnatada-0-mg-pascual-brik-1-l-pascual/R-521007085/p
La despensa,Azúcar moreno de caña integral Azucarera 800 g.,"1,99 €","2,12 €/kg",https://www.carrefour.es/supermercado/azucar-moreno-de-cana-integral-azucarera-800-g-azucarera/R-521004632/p
La despensa,Tomate frito Solís sin gluten y sin lactosa pack 2 tarros de 460 g.,"1,20 €","2,10 €/kg",https://www.carrefour.es/supermercado/tomate-frito-solis-sin-gluten-y-sin-lactosa-pack-2-tarros-de-460-g-solis/R-589707507/p
La despensa,Huevos L camperos Calidad y Origen Carrefour 6 ud,"1,59 €","3,18 €/docena",https://www.carrefour.es/supermercado/huevos-l-camperos-calidad-y-origen-carrefour-6-ud-calidad-y-origen-carrefour/R-prod69874/p
La despensa,Copos de avena Carrefour 500 g.,"0,77 €","1,54 €/kg",https://www.carrefour.es/supermercado/copos-de-avena-carrefour-500-g-carrefour/R-641402048/p
La despensa,Aceitunas negras Cacereñas sin hueso Carrefour 150 g.,"0,78 €","5,20 €/kg",https://www.carrefour.es/supermercado/aceitunas-negras-cacerenas-sin-hueso-carrefour-150-g/R-VC4AECOMM-488032/p
La despensa,Sal marina gruesa Carrefour 1 kg.,"0,22 €","0,22 €/kg",https://www.carrefour.es/supermercado/sal-marina-gruesa-carrefour-1-kg-carrefour/R-521005136/p
La despensa,Pizza 4 quesos Ristorante Dr. Oetker 340 g.,"2,78 €","10,21 €/kg",https://www.carrefour.es/supermercado/pizza-4-quesos-ristorante-dr-oetker-340-g-dr-oetker-ristorante/R-521035317/p
La despensa,"Yogur de fresa, macedonia, galleta y fresa-plántano Danone sin gluten pack de 12 unidades de 120 g.","1,99 €","1,93 €/kg",https://www.carrefour.es/supermercado/yogur-de-fresa-macedonia-galleta-y-fresa-plantano-danone-sin-gluten-pack-de-12-unidades-de-120-g-danone/R-780685855/p
La despensa,Batido de chocolate Puleva pack de 6 briks de 200 ml.,"0,80 €","1,66 €/l",https://www.carrefour.es/supermercado/batido-de-chocolate-puleva-pack-de-6-briks-de-200-ml-puleva/R-520661189/p
La despensa,Tomate frito Carrefour pack de 3 briks de 215 g.,"4,99 €","1,24 €/kg",https://www.carrefour.es/supermercado/tomate-frito-carrefour-pack-de-3-briks-de-215-g-carrefour/R-767407260/p
La despensa,Aceite de oliva virgen extra Hojiblanca 1 l.,"0,85 €","4,99 €/l",https://www.carrefour.es/supermercado/aceite-de-oliva-virgen-extra-hojiblanca-1-l-hojiblanca/R-520660337/p
La despensa,Copa de chocolate con nata Carrefour pack de 4 unidades de 115 g.,"3,10 €","1,85 €/kg",https://www.carrefour.es/supermercado/copa-de-chocolate-con-nata-carrefour-pack-de-4-unidades-de-115-g-carrefour/R-551802081/p
La despensa,Atún en aceite de girasol pack de 6 latas de 52 g.,"1,89 €","9,94 €/kg",https://www.carrefour.es/supermercado/atun-en-aceite-de-girasol-pack-de-6-latas-de-52-g-producto-blanco/R-prod460682/p
La despensa,Yogur bífidus desnatado cremoso de vainilla de madagascar Danone Activia pack de 4 unidades de 120 g.,"0,90 €","3,94 €/kg",https://www.carrefour.es/supermercado/yogur-bifidus-desnatado-cremoso-de-vainilla-de-madagascar-danone-activia-pack-de-4-unidades-de-120-g-danone-activia/R-832908159/p
La despensa,Yogur griego de fresa Carrefour pack de 4 unidades de 125 g.,"2,45 €","1,80 €/kg",https://www.carrefour.es/supermercado/yogur-griego-de-fresa-carrefour-pack-de-4-unidades-de-125-g-carrefour/R-521029793/p
La despensa,Galletas Choco Flakes Cuétara 550 g.,"1,67 €","4,45 €/kg",https://www.carrefour.es/supermercado/galletas-choco-flakes-cuetara-550-g-cuetara/R-655301836/p
La despensa,"Leche entera Central Lechera Asturiana botella 2,2 l.","1,89 €","0,76 €/l",https://www.carrefour.es/supermercado/leche-entera-central-lechera-asturiana-botella-2-2-l-central-lechera-asturiana/R-785113055/p
La despensa,Champiñones laminados Carrefour pack de 3 unidades de 115 g.,"2,34 €","5,48 €/kg",https://www.carrefour.es/supermercado/champinones-laminados-carrefour-pack-de-3-unidades-de-115-g-carrefour/R-521005930/p
La despensa,Mantequilla tradicional Central Lechera Asturiana 250 g.,"0,58 €","9,36 €/kg",https://www.carrefour.es/supermercado/mantequilla-tradicional-central-lechera-asturiana-250-g-central-lechera-asturiana/R-521030137/p
La despensa,Lenteja cocida categoría extra Carrefour 400 g.,"1,04 €","1,45 €/kg",https://www.carrefour.es/supermercado/lenteja-cocida-categoria-extra-carrefour-400-g-carrefour/R-521005501/p
La despensa,Bebida de almendras tostadas sin azúcar Alpro Central Lechera Asturiana brik 1 l.,"0,93 €","1,04 €/l",https://www.carrefour.es/supermercado/bebida-de-almendras-tostadas-sin-azucar-alpro-central-lechera-asturiana-brik-1-l-alpro-central-lechera-asturiana/R-829844974/p
La despensa,Yogur azucarado natural Carrefour pack de 8 unidades de 125 g.,"0,99 €","0,93 €/kg",https://www.carrefour.es/supermercado/yogur-azucarado-natural-carrefour-pack-de-8-unidades-de-125-g-carrefour/R-725713187/p
La despensa,Champiñones laminados Carrefour 230 g.,"0,47 €","4,30 €/kg",https://www.carrefour.es/supermercado/champinones-laminados-carrefour-230-g-carrefour/R-521005928/p
La despensa,Fideuá Carrefour 500 g.,"1,89 €","0,94 €/kg",https://www.carrefour.es/supermercado/fideua-carrefour-500-g-carrefour/R-544101804/p
La despensa,Yogur bífidus desnatado cremosos de frutos silvestres Danone Activia pack de 4 unidades de 120 g.,"1,29 €","3,94 €/kg",https://www.carrefour.es/supermercado/yogur-bifidus-desnatado-cremosos-de-frutos-silvestres-danone-activia-pack-de-4-unidades-de-120-g-danone-activia/R-759008009/p
La despensa,Pistachos tostados sin sal añadida Carrefour 150 g.,"1,80 €","12,00 €/kg",https://www.carrefour.es/supermercado/pistachos-tostados-sin-sal-anadida-carrefour-150-g-carrefour/R-prod800302/p
La despensa,Tomate natural triturado extra Apis 410 g.,"0,68 €","1,70 €/kg",https://www.carrefour.es/supermercado/tomate-natural-triturado-extra-apis-410-g-apis/R-521013735/p
La despensa,Estrellas Carrefour 500 g.,"0,69 €","1,38 €/kg",https://www.carrefour.es/supermercado/estrellas-carrefour-500-g-carrefour/R-786165654/p
La despensa,Leche entera Président brik 1 l.,"1,70 €","0,63 €/l",https://www.carrefour.es/supermercado/leche-entera-president-brik-1-l-president/R-521006988/p
La despensa,Yogur de limón Danone sin gluten pack de 4 unidades de 120 g.,"0,80 €","2,00 €/kg",https://www.carrefour.es/supermercado/yogur-de-limon-danone-sin-gluten-pack-de-4-unidades-de-120-g-danone/R-521029422/p
La despensa,Salsa de tomate De la Abuela Carrefour tarro 580 g.,"1,25 €","3,09 €/kg",https://www.carrefour.es/supermercado/salsa-de-tomate-de-la-abuela-carrefour-tarro-580-g-carrefour/R-824302027/p
La despensa,Pizza prosciutto Ristorante Dr. Oetker 330 g.,"4,15 €","10,52 €/kg",https://www.carrefour.es/supermercado/pizza-prosciutto-ristorante-dr-oetker-330-g-dr-oetker-ristorante/R-521035311/p
La despensa,Leche entera ecológica Carrefour Bio brik 1 l.,"1,89 €","0,94 €/l",https://www.carrefour.es/supermercado/leche-entera-ecologica-carrefour-bio-brik-1-l-carrefour-bio/R-521007016/p
La despensa,Galletas rellenas de crema de chocolate Mega Carrefour 500 g.,"4,77 €","1,60 €/kg",https://www.carrefour.es/supermercado/galletas-rellenas-de-crema-de-chocolate-mega-carrefour-500-g-carrefour/R-prod224299/p
La despensa,Leche desnatada Central Lechera Asturiana sin lactosa brik 1 l.,"0,70 €","0,89 €/l",https://www.carrefour.es/supermercado/leche-desnatada-central-lechera-asturiana-sin-lactosa-brik-1-l-central-lechera-asturiana/R-736814096/p
La despensa,Hummus receta clásica Carrefour sin gluten 240 g.,"0,69 €","5,21 €/kg",https://www.carrefour.es/supermercado/hummus-receta-clasica-carrefour-sin-gluten-240-g-carrefour/R-fprod1340001/p
La despensa,"Cacao soluble original Cola Cao 760 g,","0,54 €","5,46 €/kg",https://www.carrefour.es/supermercado/cacao-soluble-original-cola-cao-760-g--cola-cao/R-521003246/p
La despensa,Yogur bífidus desnatado cremoso de mango Danone Activia pack de 4 unidades de 120 g.,"2,26 €","3,94 €/kg",https://www.carrefour.es/supermercado/yogur-bifidus-desnatado-cremoso-de-mango-danone-activia-pack-de-4-unidades-de-120-g-danone-activia/R-759609157/p
La despensa,Pistachos tostados y saldaos Carrefour 400 g.,"0,80 €","11,93 €/kg",https://www.carrefour.es/supermercado/pistachos-tostados-y-saldaos-carrefour-400-g-carrefour/R-625334196/p
La despensa,Yogur de fresa Danone pack sin gluten de 4 unidades de 120 g.,"0,99 €","2,00 €/kg",https://www.carrefour.es/supermercado/yogur-de-fresa-danone-pack-sin-gluten-de-4-unidades-de-120-g-danone/R-521029420/p
La despensa,Yogur griego azucarado natural Carrefour pack de 4 unidades de 125 g.,"0,88 €","1,40 €/kg",https://www.carrefour.es/supermercado/yogur-griego-azucarado-natural-carrefour-pack-de-4-unidades-de-125-g-carrefour/R-521029779/p
La despensa,Natillas de chocolate Carrefour pack de 4 unidades de 125 g.,"1,09 €","1,38 €/kg",https://www.carrefour.es/supermercado/natillas-de-chocolate-carrefour-pack-de-4-unidades-de-125-g-carrefour/R-837832786/p
La despensa,Conos de maíz sabor queso y bacon Carrefour 100 g.,"1,39 €","5,40 €/kg",https://www.carrefour.es/supermercado/conos-de-maiz-sabor-queso-y-bacon-carrefour-100-g-carrefour/R-521003767/p
La despensa,Harina de trigo de fuerza Carrefour 1 kg.,"0,76 €","0,76 €/kg",https://www.carrefour.es/supermercado/harina-de-trigo-de-fuerza-carrefour-1-kg-carrefour/R-prod540136/p
La despensa,Pandilla sabor queso Cheetos 75 g.,"1,20 €","16,00 €/kg",https://www.carrefour.es/supermercado/pandilla-sabor-queso-cheetos-75-g-cheetos/R-521012477/p
La despensa,Kétchup Heinz envase 250 g.,"3,26 €","4,60 €/kg",https://www.carrefour.es/supermercado/ketchup-heinz-envase-250-g-heinz/R-651302390/p
La despensa,Leche semidesnatada ecológica Carrefour Bio brik 1 l.,"1,15 €","0,94 €/l",https://www.carrefour.es/supermercado/leche-semidesnatada-ecologica-carrefour-bio-brik-1-l-carrefour-bio/R-521007018/p
La despensa,Caldo casero de cocido Gallina Blanca pack de 2 briks de 1 l.,"1,70 €","1,63 €/l",https://www.carrefour.es/supermercado/caldo-casero-de-cocido-gallina-blanca-pack-de-2-briks-de-1-l-gallina-blanca/R-829518691/p
La despensa,Arroz basmati para microondas Brillante pack de 2 ud. de 125 g.,"1,92 €","4,60 €/kg",https://www.carrefour.es/supermercado/arroz-basmati-para-microondas-brillante-pack-de-2-ud-de-125-g-brillante/R-521005542/p
La despensa,Guisantes muy finos Carrefour pack de 3 unidades de 140 g.,"0,99 €","4,05 €/kg",https://www.carrefour.es/supermercado/guisantes-muy-finos-carrefour-pack-de-3-unidades-de-140-g-carrefour/R-671301882/p
La despensa,Yogur griego con stracciatella Danone Oikos sin gluten pack de 4 unidades de 110 g.,"2,15 €","4,52 €/kg",https://www.carrefour.es/supermercado/yogur-griego-con-stracciatella-danone-oikos-sin-gluten-pack-de-4-unidades-de-110-g/R-VC4AECOMM-460102/p
La despensa,Nachos sabor queso Doritos Tex mex 280 g.,"1,35 €","9,14 €/kg",https://www.carrefour.es/supermercado/nachos-sabor-queso-doritos-tex-mex-280-g-doritos/R-521003753/p
La despensa,Caldo natural de pollo Aneto sin gluten pack de 2 briks de 1 l.,"0,75 €","3,10 €/l",https://www.carrefour.es/supermercado/caldo-natural-de-pollo-aneto-sin-gluten-pack-de-2-briks-de-1-l-aneto/R-646002043/p
La despensa,Mayonesa Hellmann's tarro 650 ml.,"2,64 €","2,95 €/l",https://www.carrefour.es/supermercado/mayonesa-hellmanns-tarro-650-ml-hellmanns/R-521029207/p
La despensa,Nata para cocinar líquida ligera Carrefour 500 ml.,"4,50 €","1,98 €/l",https://www.carrefour.es/supermercado/nata-para-cocinar-liquida-ligera-carrefour-500-ml-carrefour/R-fprod1270051/p
La despensa,Aceite de girasol Koipesol 1 l.,"1,21 €","1,69 €/l",https://www.carrefour.es/supermercado/aceite-de-girasol-koipesol-1-l-koipesol/R-531704973/p
La despensa,Kétchup Heinz envase 570 g.,"1,89 €","3,77 €/kg",https://www.carrefour.es/supermercado/ketchup-heinz-envase-570-g-heinz/R-521013905/p
La despensa,Aceitunas verdes rellenas de anchoa La Española 150 g.,"0,73 €","9,40 €/kg",https://www.carrefour.es/supermercado/aceitunas-verdes-rellenas-de-anchoa-la-espanola-150-g-la-espanola/R-700809320/p
La despensa,Arroz categoría extra La Fallera 1 kg.,"1,47 €","1,35 €/kg",https://www.carrefour.es/supermercado/arroz-categoria-extra-la-fallera-1-kg-la-fallera/R-521005512/p
La despensa,"Aceite de oliva suave 0,4º Carbonell 1 l.","3,99 €","3,99 €/l",https://www.carrefour.es/supermercado/aceite-de-oliva-suave-0-4-carbonell-1-l-carbonell/R-530904551/p
La despensa,Tomate frito Carrefour tarro 550 g.,"0,68 €","1,24 €/kg",https://www.carrefour.es/supermercado/tomate-frito-carrefour-tarro-550-g-carrefour/R-600805291/p
La despensa,Fideo entrefino Carrefour 500 g.,"0,55 €","1,10 €/kg",https://www.carrefour.es/supermercado/fideo-entrefino-carrefour-500-g-carrefour/R-544101820/p
La despensa,Chocolate con leche extrafino Nestlé pack de 3 tabletas de 125 g.,"2,70 €","7,20 €/kg",https://www.carrefour.es/supermercado/chocolate-con-leche-extrafino-nestle-pack-de-3-tabletas-de-125-g-nestle/R-prod221189/p
La despensa,"Leche entera Central Lechera Asturiana botella 1,5 l.","2,78 €","0,79 €/l",https://www.carrefour.es/supermercado/leche-entera-central-lechera-asturiana-botella-1-5-l-central-lechera-asturiana/R-521030168/p
La despensa,Natillas de vainilla Danone Danet sin gluten pack de 8 unidades de 120 g.,"1,09 €","2,90 €/kg",https://www.carrefour.es/supermercado/natillas-de-vainilla-danone-danet-sin-gluten-pack-de-8-unidades-de-120-g-danone-danet/R-521029852/p
La despensa,Tomate frito Hida sin gluten y sin lactosa lata 350 g.,"1,58 €","3,11 €/kg",https://www.carrefour.es/supermercado/tomate-frito-hida-sin-gluten-y-sin-lactosa-lata-350-g-hida/R-521005178/p
La despensa,Varitas merluza enriquecidas Pescanova 450 g.,"0,99 €","6,56 €/kg",https://www.carrefour.es/supermercado/varitas-merluza-enriquecidas-pescanova-450-g-pescanova/R-521031291/p
La despensa,Huevos M Carrefour 30 ud.,"1,09 €","1,10 €/docena",https://www.carrefour.es/supermercado/huevos-m-carrefour-30-ud-carrefour/R-536500235/p
La despensa,Sopa de pollo con fideos finos Gallina Blanca pack de 3 sobres de 71 g.,"3,17 €","7,42 €/kg",https://www.carrefour.es/supermercado/sopa-de-pollo-con-fideos-finos-gallina-blanca-pack-de-3-sobres-de-71-g-gallina-blanca/R-521005744/p
La despensa,Flan de huevo al baño María Carrefour pack de 4 unidades de 100 g.,"0,99 €","2,47 €/kg",https://www.carrefour.es/supermercado/flan-de-huevo-al-bano-maria-carrefour-pack-de-4-unidades-de-100-g-carrefour/R-521029829/p
La despensa,Petit de fresa Danonino sin gluten pack de 6 unidades de 50 g.,"0,99 €","3,63 €/kg",https://www.carrefour.es/supermercado/petit-de-fresa-danonino-sin-gluten-pack-de-6-unidades-de-50-g-danone-danonino/R-702201871/p
La despensa,Pizza de jamón y queso fina y crujiente Forno Di Pietra Buitoni 350 g.,"0,48 €","9,06 €/kg",https://www.carrefour.es/supermercado/pizza-de-jamon-y-queso-fina-y-crujiente-forno-di-pietra-buitoni-350-g-buitoni/R-527031594/p
La despensa,Cortezas de trigo Boca Bits Matutano 84 g.,"0,51 €","16,55 €/kg",https://www.carrefour.es/supermercado/cortezas-de-trigo-boca-bits-matutano-84-g-matutano/R-521003802/p
La despensa,Batido de cacao Carrefour sin gluten pack de 6 briks de 200 ml.,"0,94 €","0,83 €/l",https://www.carrefour.es/supermercado/batido-de-cacao-carrefour-sin-gluten-pack-de-6-briks-de-200-ml-carrefour/R-819256514/p
La despensa,Café molido natural Carrefour 250 g.,"2,39 €","3,96 €/kg",https://www.carrefour.es/supermercado/cafe-molido-natural-carrefour-250-g-carrefour/R-521003000/p
La despensa,Orégano Carrefour 11 g.,"2,66 €","43,64 €/kg",https://www.carrefour.es/supermercado/oregano-carrefour-11-g-carrefour/R-prod710293/p
La despensa,Ajo granulado Carrefour 55 g.,"2,20 €","9,27 €/kg",https://www.carrefour.es/supermercado/ajo-granulado-carrefour-55-g-carrefour/R-prod710288/p
La despensa,Tomate frito con aceite de oliva virgen extra Carrefour pack de 3 briks de 215 g.,"1,39 €","1,46 €/kg",https://www.carrefour.es/supermercado/tomate-frito-con-aceite-de-oliva-virgen-extra-carrefour-pack-de-3-briks-de-215-g-carrefour/R-prod730719/p
La despensa,Palomitas saladas para microondas Borges sin gluten y sin lactosa pack de 3 bolsas de 100 g.,"1,40 €","7,97 €/kg",https://www.carrefour.es/supermercado/palomitas-saladas-para-microondas-borges-sin-gluten-y-sin-lactosa-pack-de-3-bolsas-de-100-g-borges/R-521003804/p
La despensa,Mantequilla Doux 250 g.,"1,44 €","5,76 €/kg",https://www.carrefour.es/supermercado/mantequilla-doux-250-g-doux/R-736424187/p
La despensa,Galletas con pepitas de chocolate Chips Ahoy 400 g.,"0,99 €","8,67 €/kg",https://www.carrefour.es/supermercado/galletas-con-pepitas-de-chocolate-chips-ahoy-400-g-chips-ahoy/R-521029020/p
La despensa,Galletas Carrefour 700 g.,"1,45 €","1,41 €/kg",https://www.carrefour.es/supermercado/galletas-carrefour-700-g-carrefour/R-521002678/p
La despensa,Galletas con pepitas de chocolate Minis Chips Ahoy 160 g.,"1,10 €","9,06 €/kg",https://www.carrefour.es/supermercado/galletas-con-pepitas-de-chocolate-minis-chips-ahoy-160-g-chips-ahoy/R-521002816/p
La despensa,Galletas Digestive Carrefour 800 g.,"1,99 €","1,37 €/kg",https://www.carrefour.es/supermercado/galletas-digestive-carrefour-800-g-carrefour/R-596701895/p
La despensa,Nuggets de pollo congelados 500 g.,"5,99 €","3,98 €/kg",https://www.carrefour.es/supermercado/nuggets-de-pollo-congelados-500-g-producto-blanco/R-538408101/p
La despensa,"Cacao soluble instantáneo Nestlé Nesquik sin gluten y sin lactosa bolsa de 1,5 kg.","0,99 €","3,99 €/kg",https://www.carrefour.es/supermercado/cacao-soluble-instantaneo-nestle-nesquik-sin-gluten-y-sin-lactosa-bolsa-de-1-5-kg-nestle-nesquik/R-617901927/p
La despensa,Tomate frito ecológico Carrefour Bio 300 g.,"2,55 €","3,30 €/kg",https://www.carrefour.es/supermercado/tomate-frito-ecologico-carrefour-bio-300-g-carrefour-bio/R-fprod1270207/p
La despensa,Maíz tierno dulce Bonduelle pack de 3 unidades de 140 g.,"2,25 €","6,07 €/kg",https://www.carrefour.es/supermercado/maiz-tierno-dulce-bonduelle-pack-de-3-unidades-de-140-g-bonduelle/R-521029260/p
La despensa,Arroz tres delicias Carrefour 1 kg.,"0,80 €","2,25 €/kg",https://www.carrefour.es/supermercado/arroz-tres-delicias-carrefour-1-kg-carrefour/R-531705215/p
La despensa,Yogur desnatado con trozos de frutas del bosque sin azúcar añadido Carrefour pack de 4 unidades de 125 g.,"0,90 €","1,60 €/kg",https://www.carrefour.es/supermercado/yogur-desnatado-con-trozos-de-frutas-del-bosque-sin-azucar-anadido-carrefour-pack-de-4-unidades-de-125-g/R-VC4AECOMM-510962/p
La despensa,judías verde redondas Ybarra 360 g.,"3,59 €","2,50 €/kg",https://www.carrefour.es/supermercado/judias-verde-redondas-ybarra-360-g-ybarra/R-prod301058/p
La despensa,Cereales integrales Chocapic Nestlé 750 g.,"0,65 €","4,79 €/kg",https://www.carrefour.es/supermercado/cereales-integrales-chocapic-nestle-750-g-nestle-chocapic/R-540202144/p
La despensa,Vinagre de manzana Carrefour 1 l.,"0,89 €","0,65 €/l",https://www.carrefour.es/supermercado/vinagre-de-manzana-carrefour-1-l-carrefour/R-520660380/p
La despensa,Yogur de macedonia Danone sin gluten pack de 4 unidades de 120 g.,"4,49 €","2,08 €/kg",https://www.carrefour.es/supermercado/yogur-de-macedonia-danone-sin-gluten-pack-de-4-unidades-de-120-g-danone/R-521029424/p
La despensa,Lenteja cocida categoría extra Luengo 400 g.,"1,13 €","2,22 €/kg",https://www.carrefour.es/supermercado/lenteja-cocida-categoria-extra-luengo-400-g-luengo/R-546305862/p
La despensa,Yogur de coco Danone sin gluten pack de 4 unidades de 120 g.,"4,79 €","2,00 €/kg",https://www.carrefour.es/supermercado/yogur-de-coco-danone-sin-gluten-pack-de-4-unidades-de-120-g-danone/R-521029426/p
La despensa,Atún claro en aceite de girasol Carrefour pack de 8 latas de 52 g.,"3,06 €","10,79 €/kg",https://www.carrefour.es/supermercado/atun-claro-en-aceite-de-girasol-carrefour-pack-de-8-latas-de-52-g-carrefour/R-prod820091/p
La despensa,Harina de trigo repostería Gallo 1 kg.,"2,39 €","1,13 €/kg",https://www.carrefour.es/supermercado/harina-de-trigo-reposteria-gallo-1-kg-gallo/R-521005407/p
La despensa,Tomate de Navarra pelado troceado Carrefour 390 g.,"0,57 €","1,46 €/kg",https://www.carrefour.es/supermercado/tomate-de-navarra-pelado-troceado-carrefour-390-g-carrefour/R-521005888/p
La despensa,Huevos L suelo El Granjero 12 ud.,"1,85 €","1,85 €/docena",https://www.carrefour.es/supermercado/huevos-l-suelo-el-granjero-12-ud-el-granjero/R-prod291066/p
La despensa,Berberechos al natural Carrefour 90 g.,"1,86 €","20,67 €/kg",https://www.carrefour.es/supermercado/berberechos-al-natural-carrefour-90-g-carrefour/R-525603503/p
La despensa,Leche semidesnatada con calcio Carrefour brik 1 l.,"0,70 €","0,70 €/l",https://www.carrefour.es/supermercado/leche-semidesnatada-con-calcio-carrefour-brik-1-l-carrefour/R-521007000/p
La despensa,Pizza speciale Ristorante Dr. Oetker 330 g.,"1,39 €","10,52 €/kg",https://www.carrefour.es/supermercado/pizza-speciale-ristorante-dr-oetker-330-g-dr-oetker-ristorante/R-521035313/p
La despensa,Aceite de oliva virgen extra Dcoop garrafa 5 l.,"2,05 €","3,15 €/l",https://www.carrefour.es/supermercado/aceite-de-oliva-virgen-extra-dcoop-garrafa-5-l-dcoop/R-prod710117/p
La despensa,Yogur líquido sabor fresa Danone Actimel kids sin gluten pack de 14 unidades de 100 g.,"3,06 €","4,14 €/kg",https://www.carrefour.es/supermercado/yogur-liquido-sabor-fresa-danone-actimel-kids-sin-gluten-pack-de-14-unidades-de-100-g-danone-actimel/R-521029675/p
La despensa,Bebida láctea desnatada Omega 3 Puleva brik 1.,"4,79 €","1,39 €/l",https://www.carrefour.es/supermercado/bebida-lactea-desnatada-omega-3-puleva-brik-1-puleva/R-521007052/p
La despensa,Galletas María Fontaneda 800 g.,"2,64 €","2,56 €/kg",https://www.carrefour.es/supermercado/galletas-maria-fontaneda-800-g-fontaneda/R-530363078/p
La despensa,Yogur bífidus desnatado natural Danone Activia pack de 8 unidades de 120 g.,"1,39 €","3,06 €/kg",https://www.carrefour.es/supermercado/yogur-bifidus-desnatado-natural-danone-activia-pack-de-8-unidades-de-120-g-danone-activia/R-521029594/p
La despensa,Aceite de oliva virgen extra Carbonell 1 l.,"1,06 €","4,79 €/l",https://www.carrefour.es/supermercado/aceite-de-oliva-virgen-extra-carbonell-1-l-carbonell/R-584001513/p
La despensa,Pizza 4 quesos Casa Tarradellas 390 g.,"0,85 €","6,77 €/kg",https://www.carrefour.es/supermercado/pizza-4-quesos-casa-tarradellas-390-g-casa-tarradellas/R-521030233/p
La despensa,Maíz para palomitas Carrefour 500 g.,"1,20 €","2,78 €/kg",https://www.carrefour.es/supermercado/maiz-para-palomitas-carrefour-500-g-carrefour/R-521003640/p
La despensa,Mejillones en escabeche sin gluten y sin lactosa pack de 3 unidades de 78 g.,"0,94 €","8,22 €/kg",https://www.carrefour.es/supermercado/mejillones-en-escabeche-sin-gluten-y-sin-lactosa-pack-de-3-unidades-de-78-g-producto-blanco/R-prod61846/p
La despensa,Nachos sabor clásico Carrefour sin gluten 150 g.,"1,95 €","5,67 €/kg",https://www.carrefour.es/supermercado/nachos-sabor-clasico-carrefour-sin-gluten-150-g-carrefour/R-prod1070118/p
La despensa,Sardinillas en aceite de oliva Carrefour pack de 2 unidades de 65 g.,"1,29 €","9,23 €/kg",https://www.carrefour.es/supermercado/sardinillas-en-aceite-de-oliva-carrefour-pack-de-2-unidades-de-65-g-carrefour/R-prod590534/p
La despensa,Gusanitos Risi sin gluten 85 g.,"0,95 €","11,06 €/kg",https://www.carrefour.es/supermercado/gusanitos-risi-sin-gluten-85-g-risi/R-521003794/p
La despensa,Yogur griego natural Carrefour 1 kg.,"1,39 €","1,95 €/kg",https://www.carrefour.es/supermercado/yogur-griego-natural-carrefour-1-kg-carrefour/R-843506598/p
La despensa,Tallarines Gallo 750 g.,"1,09 €","1,72 €/kg",https://www.carrefour.es/supermercado/tallarines-gallo-750-g-gallo/R-804324368/p
La despensa,Macarrones plumas nº3 Gallo 500 g.,"3,70 €","1,90 €/kg",https://www.carrefour.es/supermercado/macarrones-plumas-n3-gallo-500-g-gallo/R-546305916/p
La despensa,Aceite de oliva virgen extra Dcoop 1 l.,"4,95 €","4,95 €/l",https://www.carrefour.es/supermercado/aceite-de-oliva-virgen-extra-dcoop-1-l-dcoop/R-824301999/p
La despensa,Macarrones integrales Carrefour 500 g.,"0,82 €","1,64 €/kg",https://www.carrefour.es/supermercado/macarrones-integrales-carrefour-500-g-carrefour/R-521008433/p
La despensa,Patatas fritas onduladas sabor jamón Ruffles 160 g.,"1,48 €","9,25 €/kg",https://www.carrefour.es/supermercado/patatas-fritas-onduladas-sabor-jamon-ruffles-160-g/R-VC4AECOMM-468411/p
La despensa,"Café intenso en cápsulas Carrefour compatible con Nespresso 30 unidades de 5,2 g.","5,05 €","32,37 €/kg",https://www.carrefour.es/supermercado/cafe-intenso-en-capsulas-carrefour-compatible-con-nespresso-30-unidades-de-5-2-g-carrefour/R-823818475/p
La despensa,Pizza Caprese fina y crujiente Forno Di Pietra Buitoni 350 g.,"3,17 €","9,06 €/kg",https://www.carrefour.es/supermercado/pizza-caprese-fina-y-crujiente-forno-di-pietra-buitoni-350-g-buitoni/R-527031592/p
La despensa,Mantequilla ecológica Carrefour Bio 250 g.,"1,99 €","7,96 €/kg",https://www.carrefour.es/supermercado/mantequilla-ecologica-carrefour-bio-250-g-carrefour-bio/R-521030158/p
La despensa,Yogur líquido de fresa Danonino sin gluten pack de 4 bolsitas de 70 g.,"1,99 €","7,11 €/kg",https://www.carrefour.es/supermercado/yogur-liquido-de-fresa-danonino-sin-gluten-pack-de-4-bolsitas-de-70-g-danone-danonino/R-653701722/p
La despensa,Café molido mezcla Carrefour 250 g.,"1,15 €","4,60 €/kg",https://www.carrefour.es/supermercado/cafe-molido-mezcla-carrefour-250-g-carrefour/R-521003035/p
La despensa,Natillas de vainilla Danone Danet pack de 4 unidades de 120 g.,"0,93 €","4,06 €/kg",https://www.carrefour.es/supermercado/natillas-de-vainilla-danone-danet-pack-de-4-unidades-de-120-g-danone-danet/R-521029850/p
La despensa,San Jacobos 360 g.,"1,62 €","2,58 €/kg",https://www.carrefour.es/supermercado/san-jacobos-360-g-producto-blanco/R-531705213/p
La despensa,Arroz redondo Brillante Sabroz 1 kg.,"0,99 €","1,62 €/kg",https://www.carrefour.es/supermercado/arroz-redondo-brillante-sabroz-1-kg-brillante/R-624601818/p
La despensa,Pimiento rojo en tiras Carrefour pack de 3 latas de 60 g.,"2,89 €","5,50 €/kg",https://www.carrefour.es/supermercado/pimiento-rojo-en-tiras-carrefour-pack-de-3-latas-de-60-g/R-VC4AECOMM-436221/p
La despensa,Caldo casero de verduras Gallina Blanca pack de 2 briks de 1 l.,"1,99 €","1,60 €/l",https://www.carrefour.es/supermercado/caldo-casero-de-verduras-gallina-blanca-pack-de-2-briks-de-1-l-gallina-blanca/R-fprod1410034/p
La despensa,"Yogur de fresa, macedonia, plátano y vainilla Danone sin gluten pack de 12 unidades de 120 g.","0,80 €","2,01 €/kg",https://www.carrefour.es/supermercado/yogur-de-fresa-macedonia-platano-y-vainilla-danone-sin-gluten-pack-de-12-unidades-de-120-g-danone/R-prod120189/p
La despensa,Yogur de sabores Danone sin gluten pack de 8 unidades de 120 g.,"0,99 €","1,99 €/kg",https://www.carrefour.es/supermercado/yogur-de-sabores-danone-sin-gluten-pack-de-8-unidades-de-120-g-danone/R-521029418/p
La despensa,Galletas tostadas Carrefour 800 g.,"1,16 €","1,00 €/kg",https://www.carrefour.es/supermercado/galletas-tostadas-carrefour-800-g-carrefour/R-716511010/p
La despensa,Caldo de pescado Carrefour sin gluten 1 l.,"1,10 €","0,99 €/l",https://www.carrefour.es/supermercado/caldo-de-pescado-carrefour-sin-gluten-1-l-carrefour/R-521005793/p
La despensa,Yogur semidesnatado líquido de fresa y plátano Carrefour 1 kg.,"1,59 €","1,16 €/kg",https://www.carrefour.es/supermercado/yogur-semidesnatado-liquido-de-fresa-y-platano-carrefour-1-kg-carrefour/R-prod300427/p
La despensa,Arroz integral para microondas Brillante pack de 2 unidades de 125 g.,"1,69 €","4,40 €/kg",https://www.carrefour.es/supermercado/arroz-integral-para-microondas-brillante-pack-de-2-unidades-de-125-g-brillante/R-521005544/p
La despensa,Arroz largo vaporizado Brillante 1 kg.,"0,99 €","1,59 €/kg",https://www.carrefour.es/supermercado/arroz-largo-vaporizado-brillante-1-kg-brillante/R-521005540/p
La despensa,Cereales de arroz con chocolate Choco Krispies Kellogg's 450 g.,"0,57 €","5,78 €/kg",https://www.carrefour.es/supermercado/cereales-de-arroz-con-chocolate-choco-krispies-kelloggs-450-g-kelloggs-choco-krispies/R-521003268/p
La despensa,Cereales de leche Carrefour 500 g.,"1,65 €","3,30 €/kg",https://www.carrefour.es/supermercado/cereales-de-leche-carrefour-500-g-carrefour/R-521003278/p
La despensa,Espaguetis integrales Carrefour 500 g.,"0,82 €","1,64 €/kg",https://www.carrefour.es/supermercado/espaguetis-integrales-carrefour-500-g-carrefour/R-521005696/p
La despensa,"Aceite de oliva 0,4º La Masía 1 l.","2,99 €","2,99 €/l",https://www.carrefour.es/supermercado/aceite-de-oliva-0-4-la-masia-1-l-la-masia/R-520660263/p
La despensa,Croquetas de jamón Carrefour 500 g.,"0,99 €","1,98 €/kg",https://www.carrefour.es/supermercado/croquetas-de-jamon-carrefour-500-g-carrefour/R-521031352/p
La despensa,Arroz bomba categoría extra La Fallera 1 kg.,"3,70 €","3,70 €/kg",https://www.carrefour.es/supermercado/arroz-bomba-categoria-extra-la-fallera-1-kg-la-fallera/R-526539121/p
La despensa,Patatas fritas extracrujientes Selección Carrefour sin gluten y sin lactosa 150 g.,"1,38 €","9,20 €/kg",https://www.carrefour.es/supermercado/patatas-fritas-extracrujientes-seleccion-carrefour-sin-gluten-y-sin-lactosa-150-g-carrefour-seleccion/R-540201778/p
La despensa,Alubia cocida categoría extra Luengo 400 g.,"0,89 €","2,22 €/kg",https://www.carrefour.es/supermercado/alubia-cocida-categoria-extra-luengo-400-g-luengo/R-546305860/p
La despensa,Galletas rellenas de crema de chocolate Mini Príncipe 160 g.,"1,45 €","9,06 €/kg",https://www.carrefour.es/supermercado/galletas-rellenas-de-crema-de-chocolate-mini-principe-160-g-principe/R-528412612/p
La despensa,Mantequilla tradicional Central Lechera Asturiana 500 g.,"3,90 €","7,80 €/kg",https://www.carrefour.es/supermercado/mantequilla-tradicional-central-lechera-asturiana-500-g-central-lechera-asturiana/R-521030135/p
La despensa,Arroz integral Sos 1 kg.,"1,73 €","1,73 €/kg",https://www.carrefour.es/supermercado/arroz-integral-sos-1-kg-sos/R-696810961/p
La despensa,Peskitos Pescanova 400 g.,"1,99 €","6,85 €/kg",https://www.carrefour.es/supermercado/peskitos-pescanova-400-g-pescanova/R-521033656/p
La despensa,Pizza de jamón y queso Carrefour 400 g.,"2,07 €","4,97 €/kg",https://www.carrefour.es/supermercado/pizza-de-jamon-y-queso-carrefour-400-g-carrefour/R-521030210/p
La despensa,Arroz basmati Carrefour 1 kg.,"1,45 €","2,07 €/kg",https://www.carrefour.es/supermercado/arroz-basmati-carrefour-1-kg-carrefour/R-prod210853/p
La despensa,Galletas de chocolate rellenas de crema Mini Oreo pack de 4 unidades de 40 g.,"0,79 €","9,06 €/kg",https://www.carrefour.es/supermercado/galletas-de-chocolate-rellenas-de-crema-mini-oreo-pack-de-4-unidades-de-40-g-oreo/R-521002858/p
La despensa,Macarrón integral ecológico Carrefour Bio 500 g.,"1,22 €","1,58 €/kg",https://www.carrefour.es/supermercado/macarron-integral-ecologico-carrefour-bio-500-g/R-VC4AECOMM-474670/p
La despensa,Lenteja castellana categoría extra Carrefour 1 kg.,"1,09 €","1,22 €/kg",https://www.carrefour.es/supermercado/lenteja-castellana-categoria-extra-carrefour-1-kg-carrefour/R-536500291/p
La despensa,Yogur natural Danone pack de 4 unidades de 120 g.,"0,75 €","2,00 €/kg",https://www.carrefour.es/supermercado/yogur-natural-danone-pack-de-4-unidades-de-120-g-danone/R-521029387/p
La despensa,Arroz redondo para microondas Brillante pack de 2 ud. de 125 g.,"2,40 €","4,36 €/kg",https://www.carrefour.es/supermercado/arroz-redondo-para-microondas-brillante-pack-de-2-ud-de-125-g-brillante/R-521005546/p
La despensa,Leche entera Carrefour sin lactosa brik 1 l.,"1,99 €","0,75 €/l",https://www.carrefour.es/supermercado/leche-entera-carrefour-sin-lactosa-brik-1-l-carrefour/R-847400344/p
La despensa,Mantequilla ligera Central Lechera Asturiana 250 g.,"0,95 €","9,60 €/kg",https://www.carrefour.es/supermercado/mantequilla-ligera-central-lechera-asturiana-250-g-central-lechera-asturiana/R-521030162/p
La despensa,Tortillas de trigo Old El Paso 348 g.,"2,35 €","8,16 €/kg",https://www.carrefour.es/supermercado/tortillas-de-trigo-old-el-paso-348-g-old-el-paso/R-521006864/p
La despensa,Patatas fritas corte fino gourmet Lay's 150 g.,"0,79 €","15,20 €/kg",https://www.carrefour.es/supermercado/patatas-fritas-corte-fino-gourmet-lays-150-g/R-VC4AECOMM-468384/p
La despensa,Cuscús grano mediano Carrefour 500 g.,"0,90 €","1,58 €/kg",https://www.carrefour.es/supermercado/cuscus-grano-mediano-carrefour-500-g-carrefour/R-521005625/p
La despensa,Yogur L.Casei líquido natural Danone Actimel pack de 14 unidades de 100 g.,"1,21 €","4,14 €/kg",https://www.carrefour.es/supermercado/yogur-lcasei-liquido-natural-danone-actimel-pack-de-14-unidades-de-100-g-danone-actimel/R-521029645/p
La despensa,Yogur griego azucarado natural Danone Oikos pack de 4 unidades de 110 g.,"1,40 €","4,52 €/kg",https://www.carrefour.es/supermercado/yogur-griego-azucarado-natural-danone-oikos-pack-de-4-unidades-de-110-g-danone-oikos/R-712703641/p
La despensa,Pimientos del Piquillo asados en tiras primera Carrefour 225 g.,"1,89 €","4,00 €/kg",https://www.carrefour.es/supermercado/pimientos-del-piquillo-asados-en-tiras-primera-carrefour-225-g-carrefour/R-521008108/p
La despensa,Sticks sabor queso con ketchup Cheetos 96 g.,"0,51 €","12,60 €/kg",https://www.carrefour.es/supermercado/sticks-sabor-queso-con-ketchup-cheetos-96-g-cheetos/R-521003705/p
La despensa,Salteado verdura campestres Carrefour 600 g.,"5,07 €","2,33 €/kg",https://www.carrefour.es/supermercado/salteado-verdura-campestres-carrefour-600-g-carrefour/R-640301895/p
La despensa,Yogur bífidus desnatado cremoso cocktail de frutas Danone Activia pack de 4 unidades de 120 g.,"0,70 €","3,94 €/kg",https://www.carrefour.es/supermercado/yogur-bifidus-desnatado-cremoso-cocktail-de-frutas-danone-activia-pack-de-4-unidades-de-120-g-danone-activia/R-828238274/p
La despensa,Tiras de maíz sabor barbacoa Carrefour 150 g.,"3,19 €","3,40 €/kg",https://www.carrefour.es/supermercado/tiras-de-maiz-sabor-barbacoa-carrefour-150-g-carrefour/R-521003798/p
La despensa,Nueces peladas carrefour 400 g.,"3,12 €","12,67 €/kg",https://www.carrefour.es/supermercado/nueces-peladas-carrefour-400-g/R-VC4AECOMM-539120/p
La despensa,Piccolinis capricciosa Buitoni 270 g.,"4,50 €","10,56 €/kg",https://www.carrefour.es/supermercado/piccolinis-capricciosa-buitoni-270-g-buitoni/R-521031425/p
La despensa,Leche desnatada con calcio Carrefour brik 1 l.,"1,84 €","0,70 €/l",https://www.carrefour.es/supermercado/leche-desnatada-con-calcio-carrefour-brik-1-l-carrefour/R-521006998/p
La despensa,Galletas de chocolate rellenas de crema Oreo 440 g.,"3,17 €","7,25 €/kg",https://www.carrefour.es/supermercado/galletas-de-chocolate-rellenas-de-crema-oreo-440-g-oreo/R-594001553/p
La despensa,Caldo de pollo Carrefour sin gluten pack de 4 briks de 1 l.,"0,99 €","0,78 €/l",https://www.carrefour.es/supermercado/caldo-de-pollo-carrefour-sin-gluten-pack-de-4-briks-de-1-l-carrefour/R-prod700433/p
La despensa,Empanada rectangular de atún 700 g,"0,42 €","4,50 €/ud",https://www.carrefour.es/supermercado/empanada-rectangular-de-atun-700-g-carrefour/R-566001794/p
La despensa,Vinagre balsámico de módena Carrefour 500 ml.,"0,75 €","3,68 €/l",https://www.carrefour.es/supermercado/vinagre-balsamico-de-modena-carrefour-500-ml-carrefour/R-520660378/p
La despensa,Pizza barbacoa fina y crujiente Forno di Pietra Buitoni 325 g.,"1,83 €","9,75 €/kg",https://www.carrefour.es/supermercado/pizza-barbacoa-fina-y-crujiente-forno-di-pietra-buitoni-325-g-buitoni/R-772305242/p
La despensa,Leche semidesnatada Pascual sin lactosa brik 1 l.,"2,41 €","0,99 €/l",https://www.carrefour.es/supermercado/leche-semidesnatada-pascual-sin-lactosa-brik-1-l-pascual/R-530362994/p
La despensa,Macarrones Carrefour 500 g.,"1,80 €","0,84 €/kg",https://www.carrefour.es/supermercado/macarrones-carrefour-500-g-carrefour/R-544101816/p
La despensa,Manzanilla en bolsitas Carrefour 50 ud.,"0,95 €","11,54 €/kg",https://www.carrefour.es/supermercado/manzanilla-en-bolsitas-carrefour-50-ud-carrefour/R-prod690024/p
La despensa,Espaguetis Garofalo 500 g.,"1,50 €","3,00 €/kg",https://www.carrefour.es/supermercado/espaguetis-garofalo-500-g-garofalo/R-793104330/p
La despensa,Cereales crujientes con chocolate Muesli Carrefour 750 g.,"1,65 €","3,33 €/kg",https://www.carrefour.es/supermercado/cereales-crujientes-con-chocolate-muesli-carrefour-750-g-carrefour/R-529043295/p
La despensa,Mantequilla Carrefour 250 g.,"0,54 €","6,60 €/kg",https://www.carrefour.es/supermercado/mantequilla-carrefour-250-g-carrefour/R-fprod1350155/p
La despensa,Patatas fritas onduladas Carrefour 170 g.,"0,80 €","3,18 €/kg",https://www.carrefour.es/supermercado/patatas-fritas-onduladas-carrefour-170-g-carrefour/R-521003682/p
La despensa,Churros Lazo 500 g.,"0,50 €","1,60 €/kg",https://www.carrefour.es/supermercado/churros-lazo-500-g/R-521031462/p
La despensa,Arroz redondo para microondas Brillante pack de 2 ud. de 200 g.,"2,80 €","4,57 €/kg",https://www.carrefour.es/supermercado/arroz-redondo-para-microondas-brillante-pack-de-2-ud-de-200-g-brillante/R-650001913/p
La despensa,Yogur de coco Carrefour pack de 4 unidades de 125 g.,"3,17 €","1,00 €/kg",https://www.carrefour.es/supermercado/yogur-de-coco-carrefour-pack-de-4-unidades-de-125-g-carrefour/R-prod970439/p
La despensa,Alubia blanca categoría extra Luengo 1 kg.,"1,86 €","2,80 €/kg",https://www.carrefour.es/supermercado/alubia-blanca-categoria-extra-luengo-1-kg-luengo/R-522713750/p
La despensa,Pizza 4 quesos fina y crujiente Forno Di Pietra Buitoni 350 g.,"1,61 €","9,06 €/kg",https://www.carrefour.es/supermercado/pizza-4-quesos-fina-y-crujiente-forno-di-pietra-buitoni-350-g-buitoni/R-527031590/p
La despensa,Flan de queso Carrefour sin gluten pack de 4 unidades de 110 g.,"1,74 €","4,65 €/kg",https://www.carrefour.es/supermercado/flan-de-queso-carrefour-sin-gluten-pack-de-4-unidades-de-110-g-carrefour/R-591002005/p
La despensa,Tortillas de trigo y maiz Carrefour 320 g.,"3,10 €","5,03 €/kg",https://www.carrefour.es/supermercado/tortillas-de-trigo-y-maiz-carrefour-320-g-carrefour/R-521006913/p
La despensa,Yogur liquido de fresa Carrefour pack de 12 unidades de 100 g.,"1,50 €","1,45 €/kg",https://www.carrefour.es/supermercado/yogur-liquido-de-fresa-carrefour-pack-de-12-unidades-de-100-g/R-VC4AECOMM-437957/p
La despensa,Café molido natural cultivo sostenible Nestlé Bonka 500 g.,"1,49 €","7,50 €/kg",https://www.carrefour.es/supermercado/cafe-molido-natural-cultivo-sostenible-nestle-bonka-500-g-nestle-bonka/R-prod310215/p
La despensa,Galletas Creme Tropical Gullón 1 kg.,"1,60 €","2,75 €/kg",https://www.carrefour.es/supermercado/galletas-creme-tropical-gullon-1-kg-gullon/R-582606317/p
La despensa,Galletas con pepitas de chocolate Oceanix Tosta Rica Cuétara 480 g.,"3,26 €","6,46 €/kg",https://www.carrefour.es/supermercado/galletas-con-pepitas-de-chocolate-oceanix-tosta-rica-cuetara-480-g-cuetara/R-658001892/p
La despensa,Yogur bífidus desnatado con trozos de pera sin azúcar añadido Carrefour pack de 4 unidades de 125 g.,"2,50 €","1,84 €/kg",https://www.carrefour.es/supermercado/yogur-bifidus-desnatado-con-trozos-de-pera-sin-azucar-anadido-carrefour-pack-de-4-unidades-de-125-g-carrefour/R-819115339/p
La despensa,Filetes de caballa del sur en aceite de oliva Carrefour pack de 2 latas de 65 g.,"0,67 €","11,54 €/kg",https://www.carrefour.es/supermercado/filetes-de-caballa-del-sur-en-aceite-de-oliva-carrefour-pack-de-2-latas-de-65-g/R-VC4AECOMM-488898/p
La despensa,Spaghetti nº5 Barilla 500 g.,"3,17 €","2,98 €/kg",https://www.carrefour.es/supermercado/spaghetti-n5-barilla-500-g-barilla/R-522713711/p
La despensa,Nata para cocinar Central Lechera Asturiana 500 ml.,"2,05 €","4,10 €/l",https://www.carrefour.es/supermercado/nata-para-cocinar-central-lechera-asturiana-500-ml-central-lechera-asturiana/R-521030089/p
La despensa,Placas para lasaña precocidas El Pavo 200 g.,"1,25 €","6,25 €/kg",https://www.carrefour.es/supermercado/placas-para-lasana-precocidas-el-pavo-200-g-el-pavo/R-521005738/p
La despensa,Cookies con pepitas de chocolate Carrefour 225 g.,"0,89 €","3,96 €/kg",https://www.carrefour.es/supermercado/cookies-con-pepitas-de-chocolate-carrefour-225-g/R-VC4AECOMM-506479/p
La despensa,Fabada Asturiana Litoral sin gluten y sin lactosa 1 kg.,"3,60 €","3,60 €/kg",https://www.carrefour.es/supermercado/fabada-asturiana-litoral-sin-gluten-y-sin-lactosa-1-kg-litoral/R-521006211/p
La despensa,Espárragos blancos cortos medios 10/18 Carrefour 110 g.,"1,19 €","10,82 €/kg",https://www.carrefour.es/supermercado/esparragos-blancos-cortos-medios-10-18-carrefour-110-g-carrefour/R-prod680019/p
La despensa,Cuajada Carrefour pack de 4 unidades de 125 g.,"0,95 €","1,90 €/kg",https://www.carrefour.es/supermercado/cuajada-carrefour-pack-de-4-unidades-de-125-g-carrefour/R-695701137/p
La despensa,Cereales de maíz sin azúcar añadido Corn Flakes Carrefour 500 g.,"1,73 €","3,46 €/kg",https://www.carrefour.es/supermercado/cereales-de-maiz-sin-azucar-anadido-corn-flakes-carrefour-500-g-carrefour/R-527030608/p
La despensa,Aceite de oliva intenso 1º Carrefour garrafa 5 l.,"1,99 €","2,08 €/l",https://www.carrefour.es/supermercado/aceite-de-oliva-intenso-1-carrefour-garrafa-5-l-carrefour/R-526600672/p
La despensa,Pizza 4 quesos Carrefour 400 g.,"0,88 €","4,97 €/kg",https://www.carrefour.es/supermercado/pizza-4-quesos-carrefour-400-g-carrefour/R-521030213/p
La despensa,Galletas de mantequilla con tableta de chocolate blanco Carrefour 150 g.,"1,69 €","5,87 €/kg",https://www.carrefour.es/supermercado/galletas-de-mantequilla-con-tableta-de-chocolate-blanco-carrefour-150-g-carrefour/R-657801753/p
La despensa,Leche desnatada con calcio Pascual brik 1 l.,"0,80 €","1,19 €/l",https://www.carrefour.es/supermercado/leche-desnatada-con-calcio-pascual-brik-1-l-pascual/R-521007008/p
La despensa,Galletas finas con chocolate con leche Digestive Fontaneda 170 g.,"2,99 €","9,94 €/kg",https://www.carrefour.es/supermercado/galletas-finas-con-chocolate-con-leche-digestive-fontaneda-170-g-fontaneda/R-prod1140272/p
La despensa,Margarina ligera Carrefour 500 g.,"3,00 €","1,60 €/kg",https://www.carrefour.es/supermercado/margarina-ligera-carrefour-500-g-carrefour/R-prod830349/p
La despensa,Yogur líquido con fresa y plátano Danone Actimel Kids sin gluten pack de 6 unidades de 100 g.,"4,25 €","4,98 €/kg",https://www.carrefour.es/supermercado/yogur-liquido-con-fresa-y-platano-danone-actimel-kids-sin-gluten-pack-de-6-unidades-de-100-g-danone-actimel/R-521029663/p
La despensa,Tortilla de patata con cebolla 600 g,"1,20 €","3,00 €/ud",https://www.carrefour.es/supermercado/tortilla-de-patata-con-cebolla-600-g-palacios/R-538003214/p
La despensa,Aceitunas verdes rellenas de anchoa La Española pack de 6 latas de 50 g.,"0,69 €","14,17 €/kg",https://www.carrefour.es/supermercado/aceitunas-verdes-rellenas-de-anchoa-la-espanola-pack-de-6-latas-de-50-g-la-espanola/R-521003907/p
La despensa,Yogur desnatado de fresa sin azúcar añadido Danone Vitalinea sin gluten pack de 4 unidades de 120 g.,"1,63 €","2,50 €/kg",https://www.carrefour.es/supermercado/yogur-desnatado-de-fresa-sin-azucar-anadido-danone-vitalinea-sin-gluten-pack-de-4-unidades-de-120-g-danone-vitalinea/R-521029497/p
La despensa,Café espresso intenso en cápsulas Nescafé Dolce Gusto 30 unidades de 7 g.,"2,10 €","37,24 €/kg",https://www.carrefour.es/supermercado/cafe-espresso-intenso-en-capsulas-nescafe-dolce-gusto-30-unidades-de-7-g-nescafe-dolce-gusto/R-605701619/p
La despensa,Piñones Carrefour 500 g.,"2,95 €","1,38 €/kg",https://www.carrefour.es/supermercado/pinones-carrefour-500-g-carrefour/R-786165724/p
La despensa,Galletas finas con chocolate negro Digestive Fontaneda 170 g.,"2,35 €","9,59 €/kg",https://www.carrefour.es/supermercado/galletas-finas-con-chocolate-negro-digestive-fontaneda-170-g-fontaneda/R-prod1140267/p
La despensa,Chocolate negro para repostería Nestlé Postres sin gluten 250 g.,"0,76 €","8,40 €/kg",https://www.carrefour.es/supermercado/chocolate-negro-para-reposteria-nestle-postres-sin-gluten-250-g-nestle-postres/R-521004066/p
La despensa,Yogur de plátano Danone sin gluten pack de 4 unidades de 120 g.,"0,95 €","2,08 €/kg",https://www.carrefour.es/supermercado/yogur-de-platano-danone-sin-gluten-pack-de-4-unidades-de-120-g-danone/R-521033603/p
La despensa,Placas para lasaña precocidas Carrefour 250 g.,"1,99 €","3,80 €/kg",https://www.carrefour.es/supermercado/placas-para-lasana-precocidas-carrefour-250-g-carrefour/R-590210865/p
La despensa,Mantequilla fácil de untar Président 250 g.,"0,99 €","9,96 €/kg",https://www.carrefour.es/supermercado/mantequilla-facil-de-untar-president-250-g-president/R-521030154/p
La despensa,Yogur bífidus cremoso coco Danone Activia pack de 4 unidades de 120 g.,"1,13 €","4,15 €/kg",https://www.carrefour.es/supermercado/yogur-bifidus-cremoso-coco-danone-activia-pack-de-4-unidades-de-120-g/R-VC4AECOMM-460099/p
La despensa,Pimiento del piquillo entero Carrefour 225 g.,"1,37 €","4,40 €/kg",https://www.carrefour.es/supermercado/pimiento-del-piquillo-entero-carrefour-225-g-carrefour/R-526539373/p
La despensa,Alubia roja categoría extra Luengo 570 g.,"1,26 €","2,83 €/kg",https://www.carrefour.es/supermercado/alubia-roja-categoria-extra-luengo-570-g-luengo/R-620102390/p
La despensa,Tomate frito ecológico Carrefour Bio sin gluten tarro 340 g.,"1,50 €","4,03 €/kg",https://www.carrefour.es/supermercado/tomate-frito-ecologico-carrefour-bio-sin-gluten-tarro-340-g-carrefour-bio/R-526538957/p
La despensa,Petit de chocolate con leche Danone Danonino sin gluten pack de 6 unidades de 55 g.,"0,88 €","3,82 €/kg",https://www.carrefour.es/supermercado/petit-de-chocolate-con-leche-danone-danonino-sin-gluten-pack-de-6-unidades-de-55-g-danone-danonino/R-521029750/p
La despensa,Patatas fritas sabor campesinas Lay's 160 g.,"1,69 €","9,37 €/kg",https://www.carrefour.es/supermercado/patatas-fritas-sabor-campesinas-lays-160-g/R-VC4AECOMM-468367/p
La despensa,Galletas de cereales con miel Chiquilín 1050 g.,"0,80 €","4,40 €/kg",https://www.carrefour.es/supermercado/galletas-de-cereales-con-miel-chiquilin-1050-g-chiquilin/R-521029004/p
La despensa,Tomate natural pelado Carrefour 480 g.,"0,99 €","1,83 €/kg",https://www.carrefour.es/supermercado/tomate-natural-pelado-carrefour-480-g-carrefour/R-521029243/p
La despensa,"Leche desnatada Central Lechera Asturiana botella 1,5 l.","1,42 €","0,79 €/l",https://www.carrefour.es/supermercado/leche-desnatada-central-lechera-asturiana-botella-1-5-l-central-lechera-asturiana/R-521007087/p
La despensa,Lentejas a la riojana Litoral sin gluten y sin lactosa 430 g.,"2,00 €","3,93 €/kg",https://www.carrefour.es/supermercado/lentejas-a-la-riojana-litoral-sin-gluten-y-sin-lactosa-430-g-litoral/R-521006731/p
La despensa,Gelatina sabor fresa jellies Carrefour sin gluten pack de 6 unidades de 100 g.,"0,82 €","1,33 €/kg",https://www.carrefour.es/supermercado/gelatina-sabor-fresa-jellies-carrefour-sin-gluten-pack-de-6-unidades-de-100-g-carrefour/R-fprod1180024/p
La despensa,Espirales tricolor Carrefour 1 kg.,"1,39 €","0,99 €/kg",https://www.carrefour.es/supermercado/espirales-tricolor-carrefour-1-kg-carrefour/R-fprod1270193/p
La despensa,Lenteja pardina categoría extra Luengo 500 g.,"2,30 €","2,84 €/kg",https://www.carrefour.es/supermercado/lenteja-pardina-categoria-extra-luengo-500-g-luengo/R-692808652/p
La despensa,Leche de coco Goya 400 g.,"2,55 €","5,00 €/kg",https://www.carrefour.es/supermercado/leche-de-coco-goya-400-g-goya/R-640001955/p
La despensa,Azúcar blanco Azucarera 750 g.,"0,80 €","1,02 €/kg",https://www.carrefour.es/supermercado/azucar-blanco-azucarera-750-g-azucarera/R-521004595/p
La despensa,Aceite de girasol Masiasol 1 l.,"1,24 €","1,39 €/l",https://www.carrefour.es/supermercado/aceite-de-girasol-masiasol-1-l-masiasol/R-694608890/p
La despensa,Café molido mezcla Carrefour 500 g.,"1,00 €","4,60 €/kg",https://www.carrefour.es/supermercado/cafe-molido-mezcla-carrefour-500-g/R-fprod1280759/p
La despensa,Laurel Carrefour 10 g.,"0,54 €","54,00 €/kg",https://www.carrefour.es/supermercado/laurel-carrefour-10-g-carrefour/R-prod710298/p
La despensa,Puré de patatas Maggi sin gluten 520 g.,"2,80 €","5,38 €/kg",https://www.carrefour.es/supermercado/pure-de-patatas-maggi-sin-gluten-520-g-maggi/R-prod670269/p
La despensa,Melocotón en almíbar ligero en mitades Carrefour 480 g.,"1,34 €","2,79 €/kg",https://www.carrefour.es/supermercado/melocoton-en-almibar-ligero-en-mitades-carrefour-480-g-carrefour/R-prod650304/p
La despensa,Finger de mozzarella Carrefour 400 g.,"2,95 €","7,37 €/kg",https://www.carrefour.es/supermercado/finger-de-mozzarella-carrefour-400-g-carrefour/R-521031474/p
La despensa,"Cereales de arroz, trigo y cebada integral Special K Kellogg's 750 g.","4,29 €","5,72 €/kg",https://www.carrefour.es/supermercado/cereales-de-arroz-trigo-y-cebada-integral-special-k-kelloggs-750-g-kelloggs-special-k/R-521029093/p
La despensa,Petit de fresa Danonino sin gluten pack de 4 unidades de 100 g.,"1,69 €","4,22 €/kg",https://www.carrefour.es/supermercado/petit-de-fresa-danonino-sin-gluten-pack-de-4-unidades-de-100-g-danone-danonino/R-521029764/p
La despensa,Nata para cocinar espesa Président pack de 2 unidades de 250 ml.,"2,25 €","4,50 €/l",https://www.carrefour.es/supermercado/nata-para-cocinar-espesa-president-pack-de-2-unidades-de-250-ml-president/R-521010750/p
La despensa,Calamares en su tinta Calvo pack de 3 unidades de 48 g.,"2,10 €","14,58 €/kg",https://www.carrefour.es/supermercado/calamares-en-su-tinta-calvo-pack-de-3-unidades-de-48-g-calvo/R-521029337/p
La despensa,Natillas de chocolate Danone Danet sin gluten pack de 4 unidades de 125 g.,"2,05 €","4,06 €/kg",https://www.carrefour.es/supermercado/natillas-de-chocolate-danone-danet-sin-gluten-pack-de-4-unidades-de-125-g-danone-danet/R-521029856/p
La despensa,Cocido madrileño Litoral sin gluten y sin lactosa 440 g.,"2,60 €","4,66 €/kg",https://www.carrefour.es/supermercado/cocido-madrileno-litoral-sin-gluten-y-sin-lactosa-440-g-litoral/R-521006717/p
La despensa,Kétchup Heinz envase 700 g.,"1,58 €","3,71 €/kg",https://www.carrefour.es/supermercado/ketchup-heinz-envase-700-g-heinz/R-520661027/p
La despensa,Sopa de ave con fideos Gallina Blanca pack de 3 sobres de 76 g.,"3,62 €","6,93 €/kg",https://www.carrefour.es/supermercado/sopa-de-ave-con-fideos-gallina-blanca-pack-de-3-sobres-de-76-g-gallina-blanca/R-521029231/p
La despensa,"Cereales de arroz, trigo y cebada integral con chocolate negro Special K Kellogg's 550 g.","0,53 €","6,58 €/kg",https://www.carrefour.es/supermercado/cereales-de-arroz-trigo-y-cebada-integral-con-chocolate-negro-special-k-kelloggs-550-g-kelloggs-special-k/R-521003313/p
La despensa,Pipas de girasol peladas Carrefour 125 g.,"6,95 €","4,24 €/kg",https://www.carrefour.es/supermercado/pipas-de-girasol-peladas-carrefour-125-g-carrefour/R-621805598/p
La despensa,Nuez mondada Carrefour bolsa 350 g,"1,94 €","19,86 €/kg",https://www.carrefour.es/supermercado/nuez-mondada-carrefour-bolsa-350-g-carrefour/R-prod1070668/p
La despensa,Galletas napolitana Cuétara 500 g.,"1,99 €","3,88 €/kg",https://www.carrefour.es/supermercado/galletas-napolitana-cuetara-500-g-cuetara/R-672606208/p
La despensa,Hummus receta clásica Carrefour sin gluten 420 g.,"0,55 €","4,74 €/kg",https://www.carrefour.es/supermercado/hummus-receta-clasica-carrefour-sin-gluten-420-g-carrefour/R-fprod1340003/p
La despensa,Leche semidesnatada brik 1 l.,"0,69 €","0,55 €/l",https://www.carrefour.es/supermercado/leche-semidesnatada-brik-1-l-producto-blanco/R-531731274/p
La despensa,Cubitos de hielo Procubitos 2 kg.,"1,29 €","0,34 €/kg",https://www.carrefour.es/supermercado/cubitos-de-hielo-procubitos-2-kg-procubitos/R-823607891/p
La despensa,Leche semidesnatada Carrefour pack de 6 briks de 200 ml.,"0,42 €","1,08 €/l",https://www.carrefour.es/supermercado/leche-semidesnatada-carrefour-pack-de-6-briks-de-200-ml-carrefour/R-prod870020/p
La despensa,Kétchup Heinz envase 550 g.,"4,79 €","4,73 €/kg",https://www.carrefour.es/supermercado/ketchup-heinz-envase-550-g-heinz/R-prod61362/p
La despensa,Espaguetis Carrefour 500 g.,"1,75 €","0,84 €/kg",https://www.carrefour.es/supermercado/espaguetis-carrefour-500-g-carrefour/R-544101814/p
La despensa,Pepinillos sabor anchoa Rioverde 180 g.,"1,25 €","6,94 €/kg",https://www.carrefour.es/supermercado/pepinillos-sabor-anchoa-rioverde-180-g-rioverde/R-521004005/p
La despensa,Garbanzo cocido ecológico Pedro Luis 425 g.,"2,85 €","5,70 €/kg",https://www.carrefour.es/supermercado/garbanzo-cocido-ecologico-pedro-luis-425-g-pedro-luis/R-795411396/p
La despensa,Patatas fritas onduladas sabor jamón y queso Ruffles 160 g.,"1,56 €","9,75 €/kg",https://www.carrefour.es/supermercado/patatas-fritas-onduladas-sabor-jamon-y-queso-ruffles-160-g/R-VC4AECOMM-468404/p
La despensa,Aceite de girasol Coosol 1 l.,"2,10 €","1,23 €/l",https://www.carrefour.es/supermercado/aceite-de-girasol-coosol-1-l-coosol/R-520660349/p
La despensa,Calamares en salsa americana Calvo pack de 3 unidades de 48 g.,"1,59 €","14,58 €/kg",https://www.carrefour.es/supermercado/calamares-en-salsa-americana-calvo-pack-de-3-unidades-de-48-g-calvo/R-521006464/p
La despensa,Cereales de cacao y avellanas Carrefour 500 g.,"1,99 €","3,18 €/kg",https://www.carrefour.es/supermercado/cereales-de-cacao-y-avellanas-carrefour-500-g-carrefour/R-521003280/p
La despensa,Pizza barbacoa Carrefour 400 g.,"0,82 €","4,97 €/kg",https://www.carrefour.es/supermercado/pizza-barbacoa-carrefour-400-g-carrefour/R-521030200/p
La despensa,Bebida de soja con calcio Carrefour sin gluten brik 1 l.,"1,99 €","0,82 €/l",https://www.carrefour.es/supermercado/bebida-de-soja-con-calcio-carrefour-sin-gluten-brik-1-l-carrefour/R-823818524/p
La despensa,Yogur azucarado natural Danone pack de 8 unidades de 120 g.,"2,69 €","1,99 €/kg",https://www.carrefour.es/supermercado/yogur-azucarado-natural-danone-pack-de-8-unidades-de-120-g-danone/R-521029403/p
La despensa,Lenteja pardina categoría extra De Nuestra Tierra 1 kg.,"1,99 €","2,69 €/kg",https://www.carrefour.es/supermercado/lenteja-pardina-categoria-extra-de-nuestra-tierra-1-kg-de-nuestra-tierra/R-521005433/p
La despensa,Arroz grueso para paella categoría extra La Fallera 1 kg.,"0,45 €","1,99 €/kg",https://www.carrefour.es/supermercado/arroz-grueso-para-paella-categoria-extra-la-fallera-1-kg-la-fallera/R-526510955/p
La despensa,Yogur L.Casei desnatado líquido natural Danone Actimel pack de 14 unidades de 100 g.,"1,15 €","4,14 €/kg",https://www.carrefour.es/supermercado/yogur-lcasei-desnatado-liquido-natural-danone-actimel-pack-de-14-unidades-de-100-g-danone-actimel/R-521029653/p
La despensa,Bicarbonato sódico Carrefour 300 g.,"2,90 €","1,50 €/kg",https://www.carrefour.es/supermercado/bicarbonato-sodico-carrefour-300-g/R-VC4AECOMM-436546/p
La despensa,"Leche entera fresca Carrefour botella 1,5 l.","4,05 €","0,77 €/l",https://www.carrefour.es/supermercado/leche-entera-fresca-carrefour-botella-1-5-l-carrefour/R-730814324/p
La despensa,Nuez cascara Carrefour granel 500 g aprox,"0,99 €","5,80 €/kg",https://www.carrefour.es/supermercado/nuez-cascara-carrefour-granel-500-g-aprox-carrefour/R-prod1130668/p
La despensa,Arroz La Cigala 1 kg.,"2,40 €","1,29 €/kg",https://www.carrefour.es/supermercado/arroz-la-cigala-1-kg-la-cigala/R-645107399/p
La despensa,Canelones de carne La Cocinera 530 g.,"0,99 €","7,64 €/kg",https://www.carrefour.es/supermercado/canelones-de-carne-la-cocinera-530-g-la-cocinera/R-521031360/p
La despensa,Leche desnatada Pascual sin lactosa brik 1 l.,"1,25 €","0,99 €/l",https://www.carrefour.es/supermercado/leche-desnatada-pascual-sin-lactosa-brik-1-l-pascual/R-530362992/p
La despensa,Café soluble descafeinado Carrefour 200 g.,"1,90 €","12,00 €/kg",https://www.carrefour.es/supermercado/cafe-soluble-descafeinado-carrefour-200-g-carrefour/R-521003069/p
La despensa,Arroz largo vaporizado Carrefour 1 kg.,"0,63 €","0,99 €/kg",https://www.carrefour.es/supermercado/arroz-largo-vaporizado-carrefour-1-kg-carrefour/R-521005536/p
La despensa,Gustosines Cheetos 96 g.,"2,80 €","15,62 €/kg",https://www.carrefour.es/supermercado/gustosines-cheetos-96-g-cheetos/R-521003703/p
La despensa,Tofu natural ecológico Carrefour Bio 400 g.,"2,05 €","5,12 €/kg",https://www.carrefour.es/supermercado/tofu-natural-ecologico-carrefour-bio-400-g-carrefour-bio/R-prod710040/p
La despensa,Barrita de barquillo cubierta de chocolate Huesitos Valor 12 ud.,"1,99 €","8,29 €/kg",https://www.carrefour.es/supermercado/barrita-de-barquillo-cubierta-de-chocolate-huesitos-valor-12-ud-valor/R-521029136/p
La despensa,Aperitivo de maíz sabor queso Carrefour 100 g.,"0,60 €","6,00 €/kg",https://www.carrefour.es/supermercado/aperitivo-de-maiz-sabor-queso-carrefour-100-g-carrefour/R-846300376/p
La despensa,Yogur líquido de fresa sin azúcar añadido Danone Danacol sin gluten pack de 14 unidades de 100 g.,"1,67 €","4,82 €/kg",https://www.carrefour.es/supermercado/yogur-liquido-de-fresa-sin-azucar-anadido-danone-danacol-sin-gluten-pack-de-14-unidades-de-100-g-danone-danacol/R-759007989/p
La despensa,Rollitos primavera congelados Carrefour 225 g.,"1,50 €","7,42 €/kg",https://www.carrefour.es/supermercado/rollitos-primavera-congelados-carrefour-225-g-carrefour/R-600804476/p
La despensa,Patatas fritas sabor vinagreta Lay's 160 g.,"1,41 €","9,37 €/kg",https://www.carrefour.es/supermercado/patatas-fritas-sabor-vinagreta-lays-160-g/R-VC4AECOMM-468412/p
La despensa,Yemas de esparragos muy gruesas Carrefour 110 g.,"1,50 €","12,82 €/kg",https://www.carrefour.es/supermercado/yemas-de-esparragos-muy-gruesas-carrefour-110-g-carrefour/R-871005018/p
La despensa,Yogur con bolitas cubiertas de chocolate Mix-in Nestlé Kit Kat pack de 2 unidades de 115 g.,"0,80 €","6,52 €/kg",https://www.carrefour.es/supermercado/yogur-con-bolitas-cubiertas-de-chocolate-mix-in-nestle-kit-kat-pack-de-2-unidades-de-115-g-nestle-kit-kat/R-562701557/p
La despensa,Cacahuetes tostados y salados 250 g.,"1,07 €","3,20 €/kg",https://www.carrefour.es/supermercado/cacahuetes-tostados-y-salados-250-g-producto-blanco/R-799397826/p
La despensa,Nachos al natural Carrefour 200 g.,"2,80 €","5,35 €/kg",https://www.carrefour.es/supermercado/nachos-al-natural-carrefour-200-g-carrefour/R-521029351/p
La despensa,Pizza de jamón y quesoLa Originale Palacios 405 g.,"0,80 €","6,91 €/kg",https://www.carrefour.es/supermercado/pizza-de-jamon-y-quesola-originale-palacios-405-g-palacios-la-originale/R-854001643/p
La despensa,Yogur desnatado con trozos de fresa sin azúcar añadido Carrefour pack de 4 unidades de 125 g.,"2,90 €","1,60 €/kg",https://www.carrefour.es/supermercado/yogur-desnatado-con-trozos-de-fresa-sin-azucar-anadido-carrefour-pack-de-4-unidades-de-125-g/R-VC4AECOMM-510970/p
La despensa,Caldo de pollo Avecrem 48 pastillas,"0,99 €","10,00 €/kg",https://www.carrefour.es/supermercado/caldo-de-pollo-avecrem-48-pastillas-avecrem/R-521029237/p
La despensa,Galletas Digestive Fontaneda 700 g.,"1,16 €","4,14 €/kg",https://www.carrefour.es/supermercado/galletas-digestive-fontaneda-700-g-fontaneda/R-701500820/p
La despensa,Mermelada de melocotón categoría extra Carrefour 410 g.,"1,24 €","2,41 €/kg",https://www.carrefour.es/supermercado/mermelada-de-melocoton-categoria-extra-carrefour-410-g-carrefour/R-521003428/p
La despensa,Batido de cacao Cola Cao pack de 9 botellas de 200 ml.,"0,95 €","2,36 €/l",https://www.carrefour.es/supermercado/batido-de-cacao-cola-cao-pack-de-9-botellas-de-200-ml-cola-cao/R-521006943/p
La despensa,Sazonador para fajitas Old El Paso 35 g.,"1,60 €","14,50 €/100g",https://www.carrefour.es/supermercado/sazonador-para-fajitas-old-el-paso-35-g-old-el-paso/R-521033548/p
La despensa,Palomitas sabor mantequilla para microondas Carrefour pack de 3 bolsas de 100 g.,"2,35 €","4,13 €/kg",https://www.carrefour.es/supermercado/palomitas-sabor-mantequilla-para-microondas-carrefour-pack-de-3-bolsas-de-100-g-carrefour/R-521003812/p
La despensa,Mayonesa con aceite de girasol Carrefour envase 380 ml.,"1,50 €","2,50 €/kg",https://www.carrefour.es/supermercado/mayonesa-con-aceite-de-girasol-carrefour-envase-380-ml-carrefour/R-prod810406/p
La despensa,"Cereales de trigo con azúcar, jarabe de glucosa y miel Smacks Kellogg's 450 g.","2,29 €","6,44 €/kg",https://www.carrefour.es/supermercado/cereales-de-trigo-con-azucar-jarabe-de-glucosa-y-miel-smacks-kelloggs-450-g-kelloggs-smacks/R-521003339/p
La despensa,Pimienta negra molida Carrefour 45 g.,"0,64 €","14,22 €/kg",https://www.carrefour.es/supermercado/pimienta-negra-molida-carrefour-45-g-carrefour/R-prod710285/p
La despensa,Bebida de avena con calcio sin azúcar añadido ecológica Carrefour Bio 1 l.,"1,49 €","1,49 €/l",https://www.carrefour.es/supermercado/bebida-de-avena-con-calcio-sin-azucar-anadido-ecologica-carrefour-bio-1-l/R-VC4AECOMM-580534/p
La despensa,Harina de maíz fina Maizena 400 g.,"1,59 €","3,97 €/kg",https://www.carrefour.es/supermercado/harina-de-maiz-fina-maizena-400-g-maizena/R-791104630/p
La despensa,Cereales de maíz Corn Flakes 500 g.,"0,99 €","1,98 €/kg",https://www.carrefour.es/supermercado/cereales-de-maiz-corn-flakes-500-g-producto-blanco/R-551801837/p
La despensa,Aros de chocolate blanco Carrefour 150 g.,"0,57 €","3,80 €/kg",https://www.carrefour.es/supermercado/aros-de-chocolate-blanco-carrefour-150-g-carrefour/R-521002818/p
La despensa,Mermelada de fresa de temporada Hero 350 g.,"1,85 €","5,29 €/kg",https://www.carrefour.es/supermercado/mermelada-de-fresa-de-temporada-hero-350-g-hero/R-609801290/p
La despensa,Pizza de espinaca Ristorante Dr. Oetker 390 g.,"0,78 €","8,90 €/kg",https://www.carrefour.es/supermercado/pizza-de-espinaca-ristorante-dr-oetker-390-g-dr-oetker-ristorante/R-521035315/p
La despensa,Harina de trigo para repostería Carrefour 1 kg.,"4,85 €","0,78 €/kg",https://www.carrefour.es/supermercado/harina-de-trigo-para-reposteria-carrefour-1-kg-carrefour/R-521005400/p
La despensa,Galletas rellenas de crema de chocolate Maxi Choc Príncipe pack de 3 unidades de 250 g.,"2,39 €","6,47 €/kg",https://www.carrefour.es/supermercado/galletas-rellenas-de-crema-de-chocolate-maxi-choc-principe-pack-de-3-unidades-de-250-g-principe/R-760106983/p
La despensa,Calamares a la Romana Pescanova 400 g.,"19,09 €","5,97 €/kg",https://www.carrefour.es/supermercado/calamares-a-la-romana-pescanova-400-g-pescanova/R-521034300/p
La despensa,"Cacao soluble Cola Cao 5,7 kg.","0,99 €","3,82 €/kg",https://www.carrefour.es/supermercado/cacao-soluble-cola-cao-5-7-kg-cola-cao/R-521029087/p
La despensa,Judías verdes planas contenido bajo de sal Carrefour 360 g.,"0,55 €","2,75 €/kg",https://www.carrefour.es/supermercado/judias-verdes-planas-contenido-bajo-de-sal-carrefour-360-g-carrefour/R-695700875/p
La despensa,Leche entera brik 1 l.,"1,90 €","0,55 €/l",https://www.carrefour.es/supermercado/leche-entera-brik-1-l-producto-blanco/R-531731272/p
La despensa,Yogur bífidus desnatado natural Danone Activia pack de 4 unidades de 120 g.,"1,41 €","3,80 €/kg",https://www.carrefour.es/supermercado/yogur-bifidus-desnatado-natural-danone-activia-pack-de-4-unidades-de-120-g-danone-activia/R-521029590/p
La despensa,Doble caldo carne con un toque de aceite de oliva virgen extra Knorr sin gluten y sin lactosa 18 pastillas,"1,36 €","7,83 €/kg",https://www.carrefour.es/supermercado/doble-caldo-carne-con-un-toque-de-aceite-de-oliva-virgen-extra-knorr-sin-gluten-y-sin-lactosa-18-pastillas-knorr/R-fprod1260306/p
La despensa,Mermelada de fresa catgoría extra Carrefour 650 g.,"1,20 €","2,09 €/kg",https://www.carrefour.es/supermercado/mermelada-de-fresa-catgoria-extra-carrefour-650-g-carrefour/R-521003435/p
La despensa,Yogur desnatado de limón sin azúcar añadido Danone Vitalinea sin gluten pack de 4 unidades de 120 g.,"1,80 €","2,50 €/kg",https://www.carrefour.es/supermercado/yogur-desnatado-de-limon-sin-azucar-anadido-danone-vitalinea-sin-gluten-pack-de-4-unidades-de-120-g-danone-vitalinea/R-521029495/p
La despensa,Patatas fritas churrería Santa Ana sin gluten pack de 2 bolsas de 135 g.,"0,69 €","6,67 €/kg",https://www.carrefour.es/supermercado/patatas-fritas-churreria-santa-ana-sin-gluten-pack-de-2-bolsas-de-135-g-santa-ana/R-521003690/p
La despensa,Cereales de maíz tostados y azucarados Frosties Kellogg's 450 g.,"1,29 €","6,89 €/kg",https://www.carrefour.es/supermercado/cereales-de-maiz-tostados-y-azucarados-frosties-kelloggs-450-g-kelloggs-frosties/R-521003363/p
La despensa,Natillas de caramelo Carrefour pack de 4 unidades de 125 g.,"1,22 €","1,38 €/kg",https://www.carrefour.es/supermercado/natillas-de-caramelo-carrefour-pack-de-4-unidades-de-125-g-carrefour/R-837832788/p
La despensa,Huevos M Carrefour 12 ud.,"1,29 €","1,29 €/docena",https://www.carrefour.es/supermercado/huevos-m-carrefour-12-ud-carrefour/R-536500233/p
La despensa,Yogur bífidus desnatado con trozos de manzana sin azúcar añadido Carrefour pack de 4 unidades de 125 g.,"0,95 €","1,90 €/kg",https://www.carrefour.es/supermercado/yogur-bifidus-desnatado-con-trozos-de-manzana-sin-azucar-anadido-carrefour-pack-de-4-unidades-de-125-g-carrefour/R-521029600/p
La despensa,Galletas integrales de avena Digestive Carrefour 425 g.,"0,99 €","2,33 €/kg",https://www.carrefour.es/supermercado/galletas-integrales-de-avena-digestive-carrefour-425-g-carrefour/R-641302286/p
La despensa,Garbanzo castellano cocido De Nuestra Tierra 400 g.,"1,42 €","3,55 €/kg",https://www.carrefour.es/supermercado/garbanzo-castellano-cocido-de-nuestra-tierra-400-g-de-nuestra-tierra/R-521008516/p
La despensa,Lasaña boloñesa Carrefour 500 g.,"1,71 €","3,42 €/kg",https://www.carrefour.es/supermercado/lasana-bolonesa-carrefour-500-g-carrefour/R-527031680/p
La despensa,Yogur L.Casei líquido natural Danone Actimel pack de 6 unidades de 100 g.,"2,99 €","4,98 €/kg",https://www.carrefour.es/supermercado/yogur-lcasei-liquido-natural-danone-actimel-pack-de-6-unidades-de-100-g-danone-actimel/R-521029647/p
La despensa,Tiras de maíz BBQ orginal Fritos 146 g.,"1,34 €","9,18 €/kg",https://www.carrefour.es/supermercado/tiras-de-maiz-bbq-orginal-fritos-146-g/R-VC4AECOMM-468372/p
La despensa,Pasta mafalda corta Garofalo 500 g.,"1,50 €","3,00 €/kg",https://www.carrefour.es/supermercado/pasta-mafalda-corta-garofalo-500-g-garofalo/R-793104324/p
La despensa,Yogur líquido de fresa sin azúcar añadido Danone Danacol sin gluten pack de 6 unidades de 100 g.,"3,69 €","6,15 €/kg",https://www.carrefour.es/supermercado/yogur-liquido-de-fresa-sin-azucar-anadido-danone-danacol-sin-gluten-pack-de-6-unidades-de-100-g-danone-danacol/R-521029704/p
La despensa,Edulcorante líquido Carrefour 300 ml.,"1,34 €","4,47 €/l",https://www.carrefour.es/supermercado/edulcorante-liquido-carrefour-300-ml-carrefour/R-550701664/p
La despensa,Galletas de avena y naranja Digestive Gullón 425 g.,"1,74 €","3,18 €/kg",https://www.carrefour.es/supermercado/galletas-de-avena-y-naranja-digestive-gullon-425-g-gullon/R-871400648/p
La despensa,Sopa de ternera con estrellitas Gallina Blanca pack de 3 sobres de 73 g.,"2,65 €","7,91 €/kg",https://www.carrefour.es/supermercado/sopa-de-ternera-con-estrellitas-gallina-blanca-pack-de-3-sobres-de-73-g-gallina-blanca/R-prod490101/p
La despensa,Crema de avellanas original Nocilla sin gluten y sin aceite de palma 360 g.,"0,80 €","7,36 €/kg",https://www.carrefour.es/supermercado/crema-de-avellanas-original-nocilla-sin-gluten-y-sin-aceite-de-palma-360-g-nocilla/R-prod810304/p
La despensa,Margarina Carrefour 500 g.,"0,49 €","1,60 €/kg",https://www.carrefour.es/supermercado/margarina-carrefour-500-g-carrefour/R-prod830327/p
La despensa,Yogur con azúcar de caña natural Carrefour pack de 4 unidades de 125 g.,"2,06 €","0,98 €/kg",https://www.carrefour.es/supermercado/yogur-con-azucar-de-cana-natural-carrefour-pack-de-4-unidades-de-125-g-carrefour/R-844400770/p
La despensa,Yogur líquido de fresa Danonino pack de 4 unidades de 100 g.,"1,24 €","5,15 €/kg",https://www.carrefour.es/supermercado/yogur-liquido-de-fresa-danonino-pack-de-4-unidades-de-100-g-danone-danonino/R-711410787/p
La despensa,Salsa bechamel Carrefour brik 500 ml.,"0,55 €","2,48 €/l",https://www.carrefour.es/supermercado/salsa-bechamel-carrefour-brik-500-ml-carrefour/R-586101617/p
La despensa,Flan de vainilla con caramelo Nestlé La Lechera pack de 6 unidades de 100 g.,"2,19 €","2,45 €/kg",https://www.carrefour.es/supermercado/flan-de-vainilla-con-caramelo-nestle-la-lechera-pack-de-6-unidades-de-100-g-nestle-la-lechera/R-840600807/p
La despensa,Chocolate blanco fondant 100 g.,"4,25 €","5,50 €/kg",https://www.carrefour.es/supermercado/chocolate-blanco-fondant-100-g-producto-blanco/R-548801992/p
La despensa,Yogur griego con fresas Danone Oikos pack de 4 unidades de 110 g.,"2,49 €","4,52 €/kg",https://www.carrefour.es/supermercado/yogur-griego-con-fresas-danone-oikos-pack-de-4-unidades-de-110-g/R-VC4AECOMM-460092/p
La despensa,Yogur desnatado natural edulcorado sin azúcar añadido Danone Vitalinea pack de 8 unidades de 120 g.,"1,81 €","2,28 €/kg",https://www.carrefour.es/supermercado/yogur-desnatado-natural-edulcorado-sin-azucar-anadido-danone-vitalinea-pack-de-8-unidades-de-120-g-danone-vitalinea/R-648002079/p
La despensa,Café con leche en cápsulas Nescafé Dolce Gusto 16 unidades de 10 g.,"0,54 €","22,85 €/kg",https://www.carrefour.es/supermercado/cafe-con-leche-en-capsulas-nescafe-dolce-gusto-16-unidades-de-10-g-nescafe-dolce-gusto/R-617901913/p
La despensa,Petit de fresa y nata Danonino sin gluten pack de 6 unidades de 50 g.,"1,09 €","3,63 €/kg",https://www.carrefour.es/supermercado/petit-de-fresa-y-nata-danonino-sin-gluten-pack-de-6-unidades-de-50-g-danone-danonino/R-702201847/p
La despensa,Café molido natural crema e gusto Lavazza 250 g.,"0,99 €","9,60 €/kg",https://www.carrefour.es/supermercado/cafe-molido-natural-crema-e-gusto-lavazza-250-g-lavazza/R-777106392/p
La despensa,Nata montada azucarada Carrefour spray 250 ml.,"1,23 €","3,96 €/l",https://www.carrefour.es/supermercado/nata-montada-azucarada-carrefour-spray-250-ml-carrefour/R-521032934/p
La despensa,Mayonesa Ligeresa envase 225 ml.,"1,43 €","5,47 €/l",https://www.carrefour.es/supermercado/mayonesa-ligeresa-envase-225-ml-ligeresa/R-725713115/p
La despensa,Aceitunas verdes manzanilla sin hueso Jolca pack de 3 bolsas de 50 g.,"3,95 €","9,53 €/kg",https://www.carrefour.es/supermercado/aceitunas-verdes-manzanilla-sin-hueso-jolca-pack-de-3-bolsas-de-50-g-jolca/R-785113051/p
La despensa,Almendra repelada cruda Carrefour tarrina 250 g,"0,58 €","15,80 €/kg",https://www.carrefour.es/supermercado/almendra-repelada-cruda-carrefour-tarrina-250-g-carrefour/R-prod1070671/p
La despensa,Lenteja cocida categoría extra Carrefour 400 g.,"1,99 €","1,45 €/kg",https://www.carrefour.es/supermercado/lenteja-cocida-categoria-extra-carrefour-400-g-carrefour/R-521005483/p
La despensa,"Yogur de limón, galleta, fresa y macedonia Danone sin gluten pack de 8 unidades de 125 g.","0,84 €","2,07 €/kg",https://www.carrefour.es/supermercado/yogur-de-limon-galleta-fresa-y-macedonia-danone-sin-gluten-pack-de-8-unidades-de-125-g-danone/R-521029416/p
La despensa,Aceitunas verdes rellenas de anchoa reducido en sal Carrefour 150 g.,"2,85 €","5,60 €/kg",https://www.carrefour.es/supermercado/aceitunas-verdes-rellenas-de-anchoa-reducido-en-sal-carrefour-150-g/R-VC4AECOMM-441940/p
La despensa,Spaghetti nº5 Barilla 1 kg.,"4,05 €","2,85 €/kg",https://www.carrefour.es/supermercado/spaghetti-n5-barilla-1-kg-barilla/R-530363474/p
La despensa,Lasaña Boloñesa La Cocinera 530 g.,"1,95 €","7,64 €/kg",https://www.carrefour.es/supermercado/lasana-bolonesa-la-cocinera-530-g-la-cocinera/R-521031439/p
La despensa,Cacao soluble instantáneo Nestlé Nesquik sin gluten y sin lactosa 390 g.,"3,90 €","5,00 €/kg",https://www.carrefour.es/supermercado/cacao-soluble-instantaneo-nestle-nesquik-sin-gluten-y-sin-lactosa-390-g/R-VC4AECOMM-580913/p
La despensa,Crema de cacao con avellanas original Nocilla 780 g.,"1,85 €","5,00 €/kg",https://www.carrefour.es/supermercado/crema-de-cacao-con-avellanas-original-nocilla-780-g-nocilla/R-prod360119/p
La despensa,Patatas fritas al punto de sal Horno Lay's 150 g.,"1,50 €","12,33 €/kg",https://www.carrefour.es/supermercado/patatas-fritas-al-punto-de-sal-horno-lays-150-g-lays/R-521009468/p
La despensa,Pasta elicoidale Garofalo 500 g.,"1,31 €","3,00 €/kg",https://www.carrefour.es/supermercado/pasta-elicoidale-garofalo-500-g-garofalo/R-814300423/p
La despensa,Arroz tres delicias con marisco Carrefour 500 g.,"4,40 €","2,62 €/kg",https://www.carrefour.es/supermercado/arroz-tres-delicias-con-marisco-carrefour-500-g-carrefour/R-521031575/p
La despensa,Chocolate con leche extrafino Nestlé sin gluten pack de 5 tabletas de 125 g.,"1,61 €","7,04 €/kg",https://www.carrefour.es/supermercado/chocolate-con-leche-extrafino-nestle-sin-gluten-pack-de-5-tabletas-de-125-g-nestle/R-780049653/p
La despensa,Mostaza Heinz envase 220 ml.,"1,88 €","6,71 €/l",https://www.carrefour.es/supermercado/mostaza-heinz-envase-220-ml-heinz/R-792587788/p
La despensa,Leche evaporada -40% materia grasa Ideal pack de 2 briks de 210 g.,"1,68 €","4,48 €/kg",https://www.carrefour.es/supermercado/leche-evaporada-40-materia-grasa-ideal-pack-de-2-briks-de-210-g-nestle-ideal/R-prod870250/p
La despensa,Mejillones en escabeche Calvo 69 g.,"0,69 €","24,35 €/kg",https://www.carrefour.es/supermercado/mejillones-en-escabeche-calvo-69-g-calvo/R-521006432/p
La despensa,Natillas sabor galleta Carrefour pack de 4 unidades de 125 g.,"0,68 €","1,38 €/kg",https://www.carrefour.es/supermercado/natillas-sabor-galleta-carrefour-pack-de-4-unidades-de-125-g-carrefour/R-prod75693/p
La despensa,Mousse de chocolete con leche Carrefour pack de 4 unidades de 60 g.,"0,91 €","2,83 €/kg",https://www.carrefour.es/supermercado/mousse-de-chocolete-con-leche-carrefour-pack-de-4-unidades-de-60-g-carrefour/R-521029902/p
La despensa,Caldo de pollo Carrefour 15 pastillas,"1,50 €","6,07 €/kg",https://www.carrefour.es/supermercado/caldo-de-pollo-carrefour-15-pastillas/R-VC4AECOMM-476734/p
La despensa,Macedonia de verduras sin sal añadida Carrefour 320 g.,"0,75 €","2,34 €/kg",https://www.carrefour.es/supermercado/macedonia-de-verduras-sin-sal-anadida-carrefour-320-g-carrefour/R-fprod1190238/p
La despensa,"Leche desnatada Central Lechera Asturiana botella 2,2 l.","1,67 €","0,76 €/l",https://www.carrefour.es/supermercado/leche-desnatada-central-lechera-asturiana-botella-2-2-l-central-lechera-asturiana/R-818615382/p
La despensa,Leche condensada Carrefour 740 g.,"1,41 €","1,91 €/kg",https://www.carrefour.es/supermercado/leche-condensada-carrefour-740-g-carrefour/R-521029077/p
La despensa,Nachos ecológicos Carrefour Bio 125 g.,"1,19 €","9,52 €/kg",https://www.carrefour.es/supermercado/nachos-ecologicos-carrefour-bio-125-g-carrefour-bio/R-639802362/p
La despensa,Sal marina yodada con flúor Sal Costa 1 kg.,"0,67 €","0,67 €/kg",https://www.carrefour.es/supermercado/sal-marina-yodada-con-fluor-sal-costa-1-kg-sal-costa/R-590201895/p
La despensa,Aperitivo sabor mantequilla Jumpers sin gluten 100 g.,"1,06 €","10,60 €/kg",https://www.carrefour.es/supermercado/aperitivo-sabor-mantequilla-jumpers-sin-gluten-100-g-jumpers/R-prod300963/p
La despensa,Crema de verduras mediterráneas Knorr 500 ml.,"2,00 €","4,00 €/l",https://www.carrefour.es/supermercado/crema-de-verduras-mediterraneas-knorr-500-ml-knorr/R-fprod1370239/p
La despensa,Anchoas en aceite de oliva Carrefour 50 g.,"0,99 €","33,00 €/kg",https://www.carrefour.es/supermercado/anchoas-en-aceite-de-oliva-carrefour-50-g-carrefour/R-521029304/p
La despensa,Aceite de oliva virgen Carrefour garrafa 5 l.,"12,45 €","2,49 €/l",https://www.carrefour.es/supermercado/aceite-de-oliva-virgen-carrefour-garrafa-5-l-carrefour/R-639501882/p
La despensa,Yogur L.Casei desnatado líquido con fresa Danone Actimel pack de 6 unidades de 100 g.,"2,99 €","4,98 €/kg",https://www.carrefour.es/supermercado/yogur-lcasei-desnatado-liquido-con-fresa-danone-actimel-pack-de-6-unidades-de-100-g-danone-actimel/R-521029651/p
La despensa,Galleta María Carrefour sin aceite de palma 800 g.,"0,90 €","1,12 €/kg",https://www.carrefour.es/supermercado/galleta-maria-carrefour-sin-aceite-de-palma-800-g/R-VC4AECOMM-602603/p
La despensa,Tortilla de patata con cebolla 300 g,"2,00 €","6,67 €/kg",https://www.carrefour.es/supermercado/tortilla-de-patata-con-cebolla-300-g-palacios/R-589807762/p
La despensa,Atún en aceite de girasol 650 g.,"5,30 €","8,15 €/kg",https://www.carrefour.es/supermercado/atun-en-aceite-de-girasol-650-g-producto-blanco/R-544101842/p
La despensa,Edulcorante ciclamatos y sacarina Carrefour 650 ud.,"0,79 €","5,27 €/kg",https://www.carrefour.es/supermercado/edulcorante-ciclamatos-y-sacarina-carrefour-650-ud-carrefour/R-prod290779/p
La despensa,Patatas frittas sabor jamón serrano Carrefour 150 g.,"0,79 €","11,71 €/kg",https://www.carrefour.es/supermercado/patatas-frittas-sabor-jamon-serrano-carrefour-150-g-carrefour/R-prod1022999/p
La despensa,Nueces mondadas Frumesa 170 g.,"1,99 €","2,23 €/l",https://www.carrefour.es/supermercado/nueces-mondadas-frumesa-170-g-frumesa/R-773101605/p
La despensa,Caldo de pollo Gallina Blanca pack de 2 briks de 1 l.,"4,47 €","5,21 €/kg",https://www.carrefour.es/supermercado/caldo-de-pollo-gallina-blanca-pack-de-2-briks-de-1-l-gallina-blanca/R-prod260231/p
La despensa,Hummus con aceitunas kalamata Carrefour sin gluten 240 g.,"1,25 €","0,82 €/l",https://www.carrefour.es/supermercado/hummus-con-aceitunas-kalamata-carrefour-sin-gluten-240-g-carrefour/R-fprod1340002/p
La despensa,Caldo de carne Carrefour sin gluten brik 1 l.,"0,82 €","0,75 €/kg",https://www.carrefour.es/supermercado/caldo-de-carne-carrefour-sin-gluten-brik-1-l-carrefour/R-664305460/p
La despensa,Harina de trigo integral Carrefour 1 kg.,"0,75 €","3,97 €/kg",https://www.carrefour.es/supermercado/harina-de-trigo-integral-carrefour-1-kg-carrefour/R-prod720048/p
La despensa,Flan de vainilla Danone sin gluten pack de 4 unidades de 100 g.,"1,59 €","10,50 €/kg",https://www.carrefour.es/supermercado/flan-de-vainilla-danone-sin-gluten-pack-de-4-unidades-de-100-g-danone/R-521029843/p
La despensa,Anacardos fritos y salados Carrefour 200 g.,"2,10 €","27,94 €/kg",https://www.carrefour.es/supermercado/anacardos-fritos-y-salados-carrefour-200-g-carrefour/R-521015286/p
La despensa,Berberechos al natural 60/90 Carrefour 111 g.,"1,76 €","4,82 €/kg",https://www.carrefour.es/supermercado/berberechos-al-natural-60-90-carrefour-111-g/R-VC4AECOMM-509317/p
La despensa,Caldo de pollo contenido reducido en sal Carrefour sin gluten 1 l.,"0,82 €","0,82 €/l",https://www.carrefour.es/supermercado/caldo-de-pollo-contenido-reducido-en-sal-carrefour-sin-gluten-1-l-carrefour/R-846300364/p
La despensa,Leche desnatada ecológica Carrefour Bio brik 1 l.,"1,74 €","0,94 €/l",https://www.carrefour.es/supermercado/leche-desnatada-ecologica-carrefour-bio-brik-1-l-carrefour-bio/R-851400476/p
La despensa,Sopa de pollo con Maravilla Gallina Blanca pack de 3 sobres de 86 g.,"0,99 €","6,69 €/kg",https://www.carrefour.es/supermercado/sopa-de-pollo-con-maravilla-gallina-blanca-pack-de-3-sobres-de-86-g-gallina-blanca/R-prod490089/p
La despensa,Croquetas de pollo Carrefour 500 g.,"0,51 €","1,98 €/kg",https://www.carrefour.es/supermercado/croquetas-de-pollo-carrefour-500-g-carrefour/R-521031350/p
La despensa,Maíz dulce sin azúcar añadido Carrefour 285 g.,"3,30 €","1,79 €/kg",https://www.carrefour.es/supermercado/maiz-dulce-sin-azucar-anadido-carrefour-285-g-carrefour/R-800766400/p
La despensa,Salsa de soja con menos sal Kikkoman botella 250 ml.,"2,86 €","13,20 €/l",https://www.carrefour.es/supermercado/salsa-de-soja-con-menos-sal-kikkoman-botella-250-ml-kikkoman/R-590215883/p
La despensa,Yogur natural Danone pack de 12 unidades de 120 g.,"2,89 €","1,99 €/kg",https://www.carrefour.es/supermercado/yogur-natural-danone-pack-de-12-unidades-de-120-g-danone/R-710412422/p
La despensa,Croquetas de jamón serrano La Cocinera 500 g.,"1,99 €","5,78 €/kg",https://www.carrefour.es/supermercado/croquetas-de-jamon-serrano-la-cocinera-500-g-la-cocinera/R-521031340/p
La despensa,Ventresca de atún claro en aceite de oliva Carrefour 73 g.,"1,39 €","27,26 €/kg",https://www.carrefour.es/supermercado/ventresca-de-atun-claro-en-aceite-de-oliva-carrefour-73-g-carrefour/R-521006217/p
La despensa,Tortitas de maíz Bicentury 130 g.,"3,29 €","10,69 €/kg",https://www.carrefour.es/supermercado/tortitas-de-maiz-bicentury-130-g-bicentury/R-521003881/p
La despensa,Guacamole Carrefour 500 g,"0,41 €","6,58 €/kg",https://www.carrefour.es/supermercado/guacamole-carrefour-500-g-carrefour/R-prod1160594/p
La despensa,Canela molida Carrefour 40 g.,"1,42 €","10,25 €/kg",https://www.carrefour.es/supermercado/canela-molida-carrefour-40-g-carrefour/R-prod710289/p
La despensa,Arroz Nomen 1 kg.,"1,89 €","1,42 €/kg",https://www.carrefour.es/supermercado/arroz-nomen-1-kg-nomen/R-521005514/p
La despensa,Nata para cocinar fresca Président 200 ml.,"2,05 €","9,45 €/l",https://www.carrefour.es/supermercado/nata-para-cocinar-fresca-president-200-ml-president/R-521006978/p
La despensa,Café Molido Natural Carrefour 500 g.,"1,93 €","4,10 €/kg",https://www.carrefour.es/supermercado/cafe-molido-natural-carrefour-500-g/R-fprod1280764/p
La despensa,Azúcar moreno de caña integral Sidul 1 kg.,"0,51 €","1,93 €/kg",https://www.carrefour.es/supermercado/azucar-moreno-de-cana-integral-sidul-1-kg-sidul/R-prod880045/p
La despensa,Espirales Carrefour 500 g.,"1,66 €","1,02 €/kg",https://www.carrefour.es/supermercado/espirales-carrefour-500-g-carrefour/R-544101822/p
La despensa,Melocotón en almíbar ligero en mitades Carrefour pack de 3 unidades de 200 g.,"1,79 €","4,81 €/kg",https://www.carrefour.es/supermercado/melocoton-en-almibar-ligero-en-mitades-carrefour-pack-de-3-unidades-de-200-g-carrefour/R-prod650305/p
La despensa,Bebida de coco sin azúcar Alpro Central Lechera Asturiana sin gluten brik 1 l.,"2,55 €","1,79 €/l",https://www.carrefour.es/supermercado/bebida-de-coco-sin-azucar-alpro-central-lechera-asturiana-sin-gluten-brik-1-l-alpro-central-lechera-asturiana/R-fprod1190057/p
La despensa,Café molido mezcla Gran Aroma Marcilla 250 g.,"0,86 €","10,20 €/kg",https://www.carrefour.es/supermercado/cafe-molido-mezcla-gran-aroma-marcilla-250-g-marcilla/R-521003033/p
La despensa,Leche semidesnatada con calcio Pascual brik 1 l.,"2,19 €","1,19 €/l",https://www.carrefour.es/supermercado/leche-semidesnatada-con-calcio-pascual-brik-1-l-pascual/R-521007006/p
La despensa,Yogur bífidus desnatado con trozos de muesli sin azúcar añadido Carrefour pack de 4 unidades de 125 g.,"2,50 €","1,72 €/kg",https://www.carrefour.es/supermercado/yogur-bifidus-desnatado-con-trozos-de-muesli-sin-azucar-anadido-carrefour-pack-de-4-unidades-de-125-g-carrefour/R-521029598/p
La despensa,Pannini de jamón y queso Dr. Oetker 250 g.,"2,09 €","10,60 €/kg",https://www.carrefour.es/supermercado/pannini-de-jamon-y-queso-dr-oetker-250-g-dr-oetker/R-521033617/p
La despensa,Flan de huevo al baño María Dhul pack de 4 unidades de 110 g.,"1,49 €","4,75 €/kg",https://www.carrefour.es/supermercado/flan-de-huevo-al-bano-maria-dhul-pack-de-4-unidades-de-110-g-dhul/R-521029831/p
La despensa,Arroz integral vaporizado Carrefour 1 kg.,"0,93 €","1,49 €/kg",https://www.carrefour.es/supermercado/arroz-integral-vaporizado-carrefour-1-kg-carrefour/R-797422256/p
La despensa,Espaguetis nº3 Gallo 500 g.,"3,20 €","1,86 €/kg",https://www.carrefour.es/supermercado/espaguetis-n3-gallo-500-g-gallo/R-521005605/p
La despensa,Cacao soluble 0% azúcares añadidos Cola Cao 300 g.,"1,83 €","10,67 €/kg",https://www.carrefour.es/supermercado/cacao-soluble-0-azucares-anadidos-cola-cao-300-g-cola-cao/R-840405245/p
La despensa,Palitos rebozados de merluza Pescanova 300 g.,"1,67 €","6,10 €/kg",https://www.carrefour.es/supermercado/palitos-rebozados-de-merluza-pescanova-300-g-pescanova/R-590503530/p
La despensa,Fideos nº 0 al huevo Gallo 400 g.,"1,39 €","4,17 €/kg",https://www.carrefour.es/supermercado/fideos-n-0-al-huevo-gallo-400-g-gallo/R-fprod1360049/p
La despensa,Tomate triturado ecologico carrefour bio 330 g.,"1,65 €","4,21 €/kg",https://www.carrefour.es/supermercado/tomate-triturado-ecologico-carrefour-bio-330-g/R-VC4AECOMM-436884/p
La despensa,Pizza carbonara Ristorante Dr. Oetker 340 g.,"1,49 €","10,21 €/kg",https://www.carrefour.es/supermercado/pizza-carbonara-ristorante-dr-oetker-340-g-dr-oetker-ristorante/R-795705194/p
La despensa,Nachos sabor queso Doritos Tex mex 150 g.,"3,09 €","11,00 €/kg",https://www.carrefour.es/supermercado/nachos-sabor-queso-doritos-tex-mex-150-g-doritos/R-521012575/p
La despensa,Bebida de soja ligera Alpro Central Lechera Asturiana brik 1 l.,"0,84 €","1,49 €/l",https://www.carrefour.es/supermercado/bebida-de-soja-ligera-alpro-central-lechera-asturiana-brik-1-l-alpro-central-lechera-asturiana/R-521007060/p
La despensa,Yogur bífidus natural Danone Activia pack de 8 unidades de 120 g.,"2,65 €","3,09 €/kg",https://www.carrefour.es/supermercado/yogur-bifidus-natural-danone-activia-pack-de-8-unidades-de-120-g-danone-activia/R-521029549/p
La despensa,Macarrones rayados vegetales Carrefour 500 g.,"1,19 €","1,68 €/kg",https://www.carrefour.es/supermercado/macarrones-rayados-vegetales-carrefour-500-g-carrefour/R-521005647/p
La despensa,Arroz bomba para paella categoría extra Carrefour 1 kg.,"2,64 €","2,65 €/kg",https://www.carrefour.es/supermercado/arroz-bomba-para-paella-categoria-extra-carrefour-1-kg-carrefour/R-649302125/p
La despensa,Harina para bizcochos Gallo 1 kg,"2,00 €","1,19 €/kg",https://www.carrefour.es/supermercado/harina-para-bizcochos-gallo-1-kg-gallo/R-785714946/p
La despensa,Pizza de pollo y bacon Casa Tarradellas 410 g.,"0,99 €","6,44 €/kg",https://www.carrefour.es/supermercado/pizza-de-pollo-y-bacon-casa-tarradellas-410-g-casa-tarradellas/R-prod820301/p
La despensa,Crema de calabaza con un suave toque de nata Knorr 500 ml.,"1,20 €","4,00 €/l",https://www.carrefour.es/supermercado/crema-de-calabaza-con-un-suave-toque-de-nata-knorr-500-ml-knorr/R-fprod1370246/p
La despensa,Leche semidesnatada Puleva sin lactosa botella 1 l.,"2,19 €","0,99 €/l",https://www.carrefour.es/supermercado/leche-semidesnatada-puleva-sin-lactosa-botella-1-l-puleva/R-521007020/p
La despensa,Yogur desnatado de frutos del bosque sin azúcar añadido Danone Vitalinea sin gluten pack de 4 unidades de 120 g.,"1,39 €","2,50 €/kg",https://www.carrefour.es/supermercado/yogur-desnatado-de-frutos-del-bosque-sin-azucar-anadido-danone-vitalinea-sin-gluten-pack-de-4-unidades-de-120-g-danone-vitalinea/R-601400876/p
La despensa,Yogur bífidus desnatado con melocotón Danone Activia pack de 4 unidades de 120 g.,"3,40 €","4,56 €/kg",https://www.carrefour.es/supermercado/yogur-bifidus-desnatado-con-melocoton-danone-activia-pack-de-4-unidades-de-120-g-danone-activia/R-521029606/p
La despensa,Pimientos de piquillo asados Carrefour 350 g.,"3,30 €","3,97 €/kg",https://www.carrefour.es/supermercado/pimientos-de-piquillo-asados-carrefour-350-g-carrefour/R-prod270250/p
La despensa,Atún claro en escabeche Carrefour pack de 6 latas de 52 g.,"6,65 €","10,90 €/kg",https://www.carrefour.es/supermercado/atun-claro-en-escabeche-carrefour-pack-de-6-latas-de-52-g-carrefour/R-prod820097/p
La despensa,Semillas de chía ecológicas Carrefour Bio 250 g.,"1,72 €","6,88 €/kg",https://www.carrefour.es/supermercado/semillas-de-chia-ecologicas-carrefour-bio-250-g-carrefour-bio/R-prod1000537/p
La despensa,Yogur líquido de fresa y plátano Danonino en bolsitas pack de 4 unidades de 70 g.,"1,99 €","7,11 €/kg",https://www.carrefour.es/supermercado/yogur-liquido-de-fresa-y-platano-danonino-en-bolsitas-pack-de-4-unidades-de-70-g-danone-danonino/R-prod390121/p
La despensa,Patatas fritas churrería Santa Ana sin gluten 320 g.,"2,05 €","6,41 €/kg",https://www.carrefour.es/supermercado/patatas-fritas-churreria-santa-ana-sin-gluten-320-g-santa-ana/R-prod271006/p
La despensa,Yogur natural Carrefour pack de 4 unidades de 125 g.,"0,49 €","0,98 €/kg",https://www.carrefour.es/supermercado/yogur-natural-carrefour-pack-de-4-unidades-de-125-g-carrefour/R-725713179/p
La despensa,Salsa de tomate De la Abuela Carrefour tarro 300 g.,"1,28 €","4,27 €/kg",https://www.carrefour.es/supermercado/salsa-de-tomate-de-la-abuela-carrefour-tarro-300-g-carrefour/R-805525899/p
La despensa,Tomate frito Solís sin gluten y sin lactosa pack de 6 briks de 350 g.,"3,55 €","1,69 €/kg",https://www.carrefour.es/supermercado/tomate-frito-solis-sin-gluten-y-sin-lactosa-pack-de-6-briks-de-350-g-solis/R-752501117/p
La despensa,Orégano Carrefour 82 g.,"2,70 €","32,93 €/kg",https://www.carrefour.es/supermercado/oregano-carrefour-82-g-carrefour/R-prod710286/p
La despensa,Gelatina light sabor fresa sin azúcar añadido Carrefour sin gluten pack de 6 unidades de 100 g.,"0,99 €","1,65 €/kg",https://www.carrefour.es/supermercado/gelatina-light-sabor-fresa-sin-azucar-anadido-carrefour-sin-gluten-pack-de-6-unidades-de-100-g-carrefour/R-prod1010194/p
La despensa,Leche entera Carrefour pack de 6 briks de 200 ml.,"1,29 €","1,08 €/l",https://www.carrefour.es/supermercado/leche-entera-carrefour-pack-de-6-briks-de-200-ml-carrefour/R-prod870055/p
La despensa,Arroz redondo categoría extra Carrefour 1 kg.,"1,14 €","1,14 €/kg",https://www.carrefour.es/supermercado/arroz-redondo-categoria-extra-carrefour-1-kg-carrefour/R-prod1060063/p
La despensa,Aceitunas negras cacereñas sin hueso Serpis sin gluten y sin lactosa150 g.,"1,69 €","11,27 €/kg",https://www.carrefour.es/supermercado/aceitunas-negras-cacerenas-sin-hueso-serpis-sin-gluten-y-sin-lactosa150-g-serpis/R-521003962/p
La despensa,Caldo natural de puchero Aneto sin gluten y sin lactosa pack de 2 briks de 1 l.,"1,80 €","3,10 €/l",https://www.carrefour.es/supermercado/caldo-natural-de-puchero-aneto-sin-gluten-y-sin-lactosa-pack-de-2-briks-de-1-l-aneto/R-786081607/p
La despensa,Yogur líquido con fresa y plátano Danone Actimel Kids sin gluten pack de 14 unidades de 100 g.,"0,90 €","4,14 €/kg",https://www.carrefour.es/supermercado/yogur-liquido-con-fresa-y-platano-danone-actimel-kids-sin-gluten-pack-de-14-unidades-de-100-g-danone-actimel/R-816213913/p
La despensa,Caldo casero de verduras Gallina Blanca 1 l.,"2,25 €","1,80 €/l",https://www.carrefour.es/supermercado/caldo-casero-de-verduras-gallina-blanca-1-l-gallina-blanca/R-693401687/p
La despensa,Patatas fritas sabor Campesina Carrefour 150 g.,"0,99 €","6,00 €/kg",https://www.carrefour.es/supermercado/patatas-fritas-sabor-campesina-carrefour-150-g-carrefour/R-prod1070117/p
La despensa,Galletas integrales MarieLu Fontaneda 520 g.,"1,63 €","4,33 €/kg",https://www.carrefour.es/supermercado/galletas-integrales-marielu-fontaneda-520-g-fontaneda/R-551802373/p
La despensa,Tagliatelle al huevo Carrefour 250 g.,"0,99 €","3,96 €/kg",https://www.carrefour.es/supermercado/tagliatelle-al-huevo-carrefour-250-g-carrefour/R-prod590836/p
La despensa,Almendras crudas sin cáscara sin sal añadida ecológicas Carrefour Bio 90 g.,"1,57 €","18,11 €/kg",https://www.carrefour.es/supermercado/almendras-crudas-sin-cascara-sin-sal-anadida-ecologicas-carrefour-bio-90-g-carrefour-bio/R-prod810741/p
La despensa,Patatas fritas sabor crema de queso y cebolla caramelizada gourmet Lay's 150 g.,"1,29 €","14,00 €/kg",https://www.carrefour.es/supermercado/patatas-fritas-sabor-crema-de-queso-y-cebolla-caramelizada-gourmet-lays-150-g-lays/R-prod970529/p
La despensa,Yogur de fresa y de plátano Carrefour pack de 8 unidades de 125 g.,"2,65 €","0,99 €/kg",https://www.carrefour.es/supermercado/yogur-de-fresa-y-de-platano-carrefour-pack-de-8-unidades-de-125-g-carrefour/R-prod970443/p
La despensa,Kéfir Pastoret 500 g.,"0,82 €","3,14 €/kg",https://www.carrefour.es/supermercado/kefir-pastoret-500-g-pastoret/R-prod66389/p
La despensa,Gelatina sabor frutos rojos Proteína Plus 0% materia grasa Carrefour sin gluten pack de 4 unidades de 100 g.,"1,05 €","2,62 €/kg",https://www.carrefour.es/supermercado/gelatina-sabor-frutos-rojos-proteina-plus-0-materia-grasa-carrefour-sin-gluten-pack-de-4-unidades-de-100-g/R-VC4AECOMM-434281/p
La despensa,Frutos rojos Carrefour Classic 650 g.,"2,65 €","4,08 €/kg",https://www.carrefour.es/supermercado/frutos-rojos-carrefour-classic-650-g/R-VC4AECOMM-520768/p
La despensa,Pimientos del Piquillo en tiras al ajillo Carrefour 225 g.,"0,99 €","4,40 €/kg",https://www.carrefour.es/supermercado/pimientos-del-piquillo-en-tiras-al-ajillo-carrefour-225-g-carrefour/R-521008106/p
La despensa,Café molido mezcla Saimaza 500 g.,"4,08 €","8,16 €/kg",https://www.carrefour.es/supermercado/cafe-molido-mezcla-saimaza-500-g-saimaza/R-prod180266/p
La despensa,Tomate frito Hida pack de 3 latas de 155 g.,"2,10 €","4,52 €/kg",https://www.carrefour.es/supermercado/tomate-frito-hida-pack-de-3-latas-de-155-g-hida/R-546307032/p
La despensa,Yogur bífidus desnatado edulcorado natural Danone Activia pack de 4 unidades de 120 g.,"1,90 €","3,80 €/kg",https://www.carrefour.es/supermercado/yogur-bifidus-desnatado-edulcorado-natural-danone-activia-pack-de-4-unidades-de-120-g-danone-activia/R-522715570/p
La despensa,Bebida láctea crecimiento y desarrollo Puleva Max brik 1 l.,"0,92 €","1,25 €/l",https://www.carrefour.es/supermercado/bebida-lactea-crecimiento-y-desarrollo-puleva-max-brik-1-l-puleva/R-521030178/p
La despensa,Chocolate negro 72% con pepitas de cacao tostadas caramelizadas Carrefour 100 g.,"0,86 €","9,20 €/kg",https://www.carrefour.es/supermercado/chocolate-negro-72-con-pepitas-de-cacao-tostadas-caramelizadas-carrefour-100-g-carrefour/R-521004098/p
La despensa,Tiburón vegetal Carrefour 500 g.,"1,05 €","1,72 €/kg",https://www.carrefour.es/supermercado/tiburon-vegetal-carrefour-500-g-carrefour/R-521005651/p
La despensa,Leche desnatada suprema Central Lechera Asturiana sin lactosa brik 1 l.,"0,99 €","1,05 €/l",https://www.carrefour.es/supermercado/leche-desnatada-suprema-central-lechera-asturiana-sin-lactosa-brik-1-l-central-lechera-asturiana/R-prod730913/p
La despensa,Nata para montar líquida Carrefour 500 ml.,"1,15 €","1,98 €/l",https://www.carrefour.es/supermercado/nata-para-montar-liquida-carrefour-500-ml-carrefour/R-fprod1270052/p
La despensa,Nidos con espinacas Carrefour 500 g.,"1,36 €","2,30 €/kg",https://www.carrefour.es/supermercado/nidos-con-espinacas-carrefour-500-g-carrefour/R-521005649/p
La despensa,Mini empanadillas caseras de bonito Carrefour 400 g.,"4,25 €","3,40 €/kg",https://www.carrefour.es/supermercado/mini-empanadillas-caseras-de-bonito-carrefour-400-g-carrefour/R-521033830/p
La despensa,Café Espresso Intenso Nescafe Dolce Gusto 16 Cápsulas,"1,16 €","33,20 €/kg",https://www.carrefour.es/supermercado/cafe-espresso-intenso-nescafe-dolce-gusto-16-capsulas-nescafe-dolce-gusto/R-521029055/p
La despensa,Chocolate blanco Nestlé Milkybar 100 g.,"4,95 €","11,60 €/kg",https://www.carrefour.es/supermercado/chocolate-blanco-nestle-milkybar-100-g-nestle-milkybar/R-prod370538/p
La despensa,Atún claro al natural Calvo pack de 6 unidades de 56 g.,"1,70 €","14,73 €/kg",https://www.carrefour.es/supermercado/atun-claro-al-natural-calvo-pack-de-6-unidades-de-56-g-calvo/R-fprod1370011/p
La despensa,Pisto de verduras Carrefour 450 g.,"1,18 €","3,78 €/kg",https://www.carrefour.es/supermercado/pisto-de-verduras-carrefour-450-g-carrefour/R-595501987/p
La despensa,Café con leche en cápsulas Nescafé Dolce Gusto 30 unidades de 10 g.,"1,17 €","26,07 €/kg",https://www.carrefour.es/supermercado/cafe-con-leche-en-capsulas-nescafe-dolce-gusto-30-unidades-de-10-g-nescafe-dolce-gusto/R-729902592/p
La despensa,Bebida de almendras zero Almond Breeze sin gluten brik 1 l.,"2,15 €","1,79 €/l",https://www.carrefour.es/supermercado/bebida-de-almendras-zero-almond-breeze-sin-gluten-brik-1-l-almond-breeze/R-819256154/p
La despensa,Tortitas de maíz Carrefour pack de 4 unidades de 33 g.,"1,50 €","8,94 €/kg",https://www.carrefour.es/supermercado/tortitas-de-maiz-carrefour-pack-de-4-unidades-de-33-g-carrefour/R-prod1000692/p
La despensa,Azúcar moreno de caña integral en azucaritos Azucarera 300 g.,"2,99 €","3,90 €/kg",https://www.carrefour.es/supermercado/azucar-moreno-de-cana-integral-en-azucaritos-azucarera-300-g-azucarera/R-799110792/p
La despensa,Crema de cacao y leche con avellanas Nocilla sin gluten y sin aceite de palma 360 g.,"2,65 €","7,36 €/kg",https://www.carrefour.es/supermercado/crema-de-cacao-y-leche-con-avellanas-nocilla-sin-gluten-y-sin-aceite-de-palma-360-g-nocilla/R-prod810278/p
La despensa,Tomate triturado Cidacos 400 g.,"0,85 €","2,12 €/kg",https://www.carrefour.es/supermercado/tomate-triturado-cidacos-400-g-cidacos/R-521005898/p
La despensa,Galletas María dorada Gullón pack de 3 unidades de 200 g.,"1,31 €","2,18 €/kg",https://www.carrefour.es/supermercado/galletas-maria-dorada-gullon-pack-de-3-unidades-de-200-g-gullon/R-521002690/p
La despensa,Natillas con galleta Reina pack de 4 unidades de 125 g.,"1,18 €","2,36 €/kg",https://www.carrefour.es/supermercado/natillas-con-galleta-reina-pack-de-4-unidades-de-125-g-reina/R-589601591/p
La despensa,Sardinas en aceite de oliva bajo en sal Calvo 84 g.,"1,35 €","16,07 €/kg",https://www.carrefour.es/supermercado/sardinas-en-aceite-de-oliva-bajo-en-sal-calvo-84-g-calvo/R-526511057/p
La despensa,Yogur bífidus natural Carrefour pack de 4 unidades de 125 g.,"0,63 €","1,26 €/kg",https://www.carrefour.es/supermercado/yogur-bifidus-natural-carrefour-pack-de-4-unidades-de-125-g-carrefour/R-prod920386/p
La despensa,Leche entera Pascual pack de 6 briks de 200 ml.,"1,88 €","1,57 €/l",https://www.carrefour.es/supermercado/leche-entera-pascual-pack-de-6-briks-de-200-ml-pascual/R-prod731371/p
La despensa,Yogur azucarado natural Danone pack de 12 unidades de 120 g.,"2,86 €","1,91 €/kg",https://www.carrefour.es/supermercado/yogur-azucarado-natural-danone-pack-de-12-unidades-de-120-g-danone/R-710412426/p
La despensa,Nata para montar y decorar Central Lechera Asturiana 500 ml.,"2,05 €","4,10 €/l",https://www.carrefour.es/supermercado/nata-para-montar-y-decorar-central-lechera-asturiana-500-ml-central-lechera-asturiana/R-521030079/p
La despensa,Pizza de jamón y queso Casa Tarradellas pack de 2 unidades de 220 g.,"2,75 €","6,25 €/kg",https://www.carrefour.es/supermercado/pizza-de-jamon-y-queso-casa-tarradellas-pack-de-2-unidades-de-220-g-casa-tarradellas/R-521030221/p
La despensa,Pipas G Tijuana Grefusa-Pipas 190 g.,"1,48 €","7,79 €/kg",https://www.carrefour.es/supermercado/pipas-g-tijuana-grefusa-pipas-190-g-grefusa-pipas-g/R-712515791/p
La despensa,Miel de flores antigoteo Carrefour 500 g.,"3,10 €","6,20 €/kg",https://www.carrefour.es/supermercado/miel-de-flores-antigoteo-carrefour-500-g-carrefour/R-521003512/p
La despensa,Galleta Digestive sin azúcar añadido Diet Nature Gullón 490 g.,"1,92 €","4,80 €/kg",https://www.carrefour.es/supermercado/galleta-digestive-sin-azucar-anadido-diet-nature-gullon-490-g-gullon/R-526539147/p
La despensa,Atún en aceite girasol Calvo pack de 6 latas de 52 g.,"1,72 €","11,83 €/kg",https://www.carrefour.es/supermercado/atun-en-aceite-girasol-calvo-pack-de-6-latas-de-52-g-calvo/R-786413467/p
La despensa,Atún claro en aceite de girasol Carrefour pack de 3 latas de 52 g.,"0,59 €","11,03 €/kg",https://www.carrefour.es/supermercado/atun-claro-en-aceite-de-girasol-carrefour-pack-de-3-latas-de-52-g-carrefour/R-521006151/p
La despensa,Alubia cocida categoría extra contenido bajo de sal Carrefour 400 g.,"2,55 €","1,48 €/kg",https://www.carrefour.es/supermercado/alubia-cocida-categoria-extra-contenido-bajo-de-sal-carrefour-400-g-carrefour/R-521005481/p
La despensa,Cereales integrales Chocapic Nestlé 375 g.,"1,99 €","6,80 €/kg",https://www.carrefour.es/supermercado/cereales-integrales-chocapic-nestle-375-g-nestle-chocapic/R-768263580/p
La despensa,Galletas de chocolate cho leche Estrellas Príncipe 225 g.,"0,80 €","8,84 €/kg",https://www.carrefour.es/supermercado/galletas-de-chocolate-cho-leche-estrellas-principe-225-g-principe/R-529039502/p
La despensa,Gelatina de sabores Carrefour pack de 6 unidades de 100 g.,"2,80 €","1,33 €/kg",https://www.carrefour.es/supermercado/gelatina-de-sabores-carrefour-pack-de-6-unidades-de-100-g-carrefour/R-857400428/p
La despensa,Almendras tostada y salada con piel Carrefour 200 g.,"0,84 €","14,00 €/kg",https://www.carrefour.es/supermercado/almendras-tostada-y-salada-con-piel-carrefour-200-g-carrefour/R-521008644/p
La despensa,Espaguetis vegetales Carrefour 500 g.,"1,66 €","1,68 €/kg",https://www.carrefour.es/supermercado/espaguetis-vegetales-carrefour-500-g-carrefour/R-521005659/p
La despensa,Sopa de cocido Gallina Blanca pack de 3 sobres de 77 g.,"2,85 €","8,92 €/kg",https://www.carrefour.es/supermercado/sopa-de-cocido-gallina-blanca-pack-de-3-sobres-de-77-g-gallina-blanca/R-835176163/p
La despensa,Caldo casero para paella Gallina Blanca 1 l.,"1,29 €","2,85 €/l",https://www.carrefour.es/supermercado/caldo-casero-para-paella-gallina-blanca-1-l-gallina-blanca/R-697806850/p
La despensa,Batido de cacao Cacaolat sin gluten botella 1 l.,"1,88 €","1,88 €/l",https://www.carrefour.es/supermercado/batido-de-cacao-cacaolat-sin-gluten-botella-1-l-cacaolat/R-521034566/p
La despensa,Petit de fresa Carrefour Kids pack de 6 unidades de 50 g.,"0,54 €","1,80 €/kg",https://www.carrefour.es/supermercado/petit-de-fresa-carrefour-kids-pack-de-6-unidades-de-50-g-carrefour-kids/R-804031865/p
La despensa,Cacahuetes tostados con cáscara Carrefour 400 g.,"1,24 €","3,10 €/kg",https://www.carrefour.es/supermercado/cacahuetes-tostados-con-cascara-carrefour-400-g-carrefour/R-680501911/p
La despensa,Leche semidesnatada Kaiku sin lactosa brik 1 l.,"0,99 €","0,99 €/l",https://www.carrefour.es/supermercado/leche-semidesnatada-kaiku-sin-lactosa-brik-1-l-kaiku-sin-lactosa/R-526715384/p
La despensa,Pizza barbacoa Campofrío 400 g.,"2,40 €","5,50 €/kg",https://www.carrefour.es/supermercado/pizza-barbacoa-campofrio-400-g-campofrio/R-521030202/p
La despensa,"Ajetes, Trigueros, Gambas Carrefour 450 g.","2,70 €","5,33 €/kg",https://www.carrefour.es/supermercado/ajetes-trigueros-gambas-carrefour-450-g-carrefour/R-521031697/p
La despensa,Aceitunas chupadeo Aperitivo 450 g,"1,40 €","5,40 €/kg",https://www.carrefour.es/supermercado/aceitunas-chupadeo-aperitivo-450-g-aperitivo/R-prod280353/p
La despensa,Patatas fritas light Frit Ravich si lactosa 130 g.,"3,69 €","11,20 €/kg",https://www.carrefour.es/supermercado/patatas-fritas-light-frit-ravich-si-lactosa-130-g-frit-ravich/R-530066848/p
La despensa,Yogur líquido natural sin azúcar añadido Danone Danacol pack de 6 unidades de 100 g.,"3,17 €","6,15 €/kg",https://www.carrefour.es/supermercado/yogur-liquido-natural-sin-azucar-anadido-danone-danacol-pack-de-6-unidades-de-100-g-danone-danacol/R-521029683/p
La despensa,Atún claro en aceite de oliva Carrefour 130 g.,"0,78 €","23,00 €/kg",https://www.carrefour.es/supermercado/atun-claro-en-aceite-de-oliva-carrefour-130-g-carrefour/R-521006183/p
La despensa,Pizza de atún fina y crujiente Forno Di Pietra Buitoni 360 g.,"2,49 €","8,81 €/kg",https://www.carrefour.es/supermercado/pizza-de-atun-fina-y-crujiente-forno-di-pietra-buitoni-360-g-buitoni/R-527031586/p
La despensa,Aderezo de limón Carrefour 250 ml.,"5,00 €","3,12 €/l",https://www.carrefour.es/supermercado/aderezo-de-limon-carrefour-250-ml-carrefour/R-fprod1280602/p
La despensa,Mejillones de las rías gallegas en escabeche Calvo 115 g.,"2,15 €","36,09 €/kg",https://www.carrefour.es/supermercado/mejillones-de-las-rias-gallegas-en-escabeche-calvo-115-g-calvo/R-521006418/p
La despensa,Maiz Bonduelle sin lactosa pack de 6x140 g.,"0,95 €","5,95 €/kg",https://www.carrefour.es/supermercado/maiz-bonduelle-sin-lactosa-pack-de-6x140-g-bonduelle/R-593901607/p
La despensa,Aceite de oliva virgen extra Carrefour spray 200 ml.,"1,31 €","10,75 €/l",https://www.carrefour.es/supermercado/aceite-de-oliva-virgen-extra-carrefour-spray-200-ml-carrefour/R-prod1130339/p
La despensa,"Leche semidesnatada Celta brik 1,5 l.","1,23 €","0,73 €/l",https://www.carrefour.es/supermercado/leche-semidesnatada-celta-brik-1-5-l-celta/R-521007067/p
La despensa,Salsa de soja Heinz botella 150 ml.,"0,60 €","8,87 €/l",https://www.carrefour.es/supermercado/salsa-de-soja-heinz-botella-150-ml-heinz/R-521005311/p
La despensa,Salsa boloñesa Carrefour sin gluten tarro 300 g.,"1,90 €","3,17 €/kg",https://www.carrefour.es/supermercado/salsa-bolonesa-carrefour-sin-gluten-tarro-300-g-carrefour/R-prod1161100/p
La despensa,Patatas fritas al punto de sal Lay's sin gluten y sin lactosa 160 g.,"2,19 €","8,19 €/kg",https://www.carrefour.es/supermercado/patatas-fritas-al-punto-de-sal-lays-sin-gluten-y-sin-lactosa-160-g/R-VC4AECOMM-593705/p
La despensa,Croquetas de jamón ibérico La Cocinera 400 g.,"3,80 €","9,50 €/kg",https://www.carrefour.es/supermercado/croquetas-de-jamon-iberico-la-cocinera-400-g-la-cocinera/R-569402615/p
La despensa,Spaghetti nº5 integral Barilla 500 g.,"1,67 €","3,34 €/kg",https://www.carrefour.es/supermercado/spaghetti-n5-integral-barilla-500-g-barilla/R-720619037/p
La despensa,Yogur natural Danone Original pack de 2 unidades de 135 g.,"1,19 €","4,41 €/kg",https://www.carrefour.es/supermercado/yogur-natural-danone-original-pack-de-2-unidades-de-135-g-danone-original/R-521029819/p
La despensa,Guisantes extra finos ecológico Carrefour Bio 230 g.,"1,44 €","6,26 €/kg",https://www.carrefour.es/supermercado/guisantes-extra-finos-ecologico-carrefour-bio-230-g-carrefour-bio/R-522714192/p
La despensa,Café espresso intenso descafeinado en cápsulas Lor Ristretto 20 ud.,"6,65 €","127,88 €/kg",https://www.carrefour.es/supermercado/cafe-espresso-intenso-descafeinado-en-capsulas-lor-ristretto-20-ud-lor-espresso/R-prod160176/p
La despensa,Galletas integrales María Carrefour 800 g.,"0,95 €","1,19 €/kg",https://www.carrefour.es/supermercado/galletas-integrales-maria-carrefour-800-g-carrefour/R-812936349/p
La despensa,Maíz dulce Cidacos pack de 3 unidades de 140 g.,"1,69 €","4,50 €/kg",https://www.carrefour.es/supermercado/maiz-dulce-cidacos-pack-de-3-unidades-de-140-g/R-VC4AECOMM-553244/p
La despensa,Margarina con sal Tulipan 500 g.,"1,49 €","3,38 €/kg",https://www.carrefour.es/supermercado/margarina-con-sal-tulipan-500-g-tulipan/R-751901907/p
La despensa,Bebida láctea desnatada Omega 3 Puleva con nueces brik 1 l.,"2,05 €","1,49 €/l",https://www.carrefour.es/supermercado/bebida-lactea-desnatada-omega-3-puleva-con-nueces-brik-1-l-puleva/R-530363440/p
La despensa,Yogur L.Casei líquido con fresa Sanus Carrefour pack de 12 unidades de 100 g.,"2,39 €","1,71 €/kg",https://www.carrefour.es/supermercado/yogur-lcasei-liquido-con-fresa-sanus-carrefour-pack-de-12-unidades-de-100-g-carrefour/R-799715474/p
La despensa,Mantequilla Central Lechera Asturiana sin lactosa 250 g.,"0,59 €","9,56 €/kg",https://www.carrefour.es/supermercado/mantequilla-central-lechera-asturiana-sin-lactosa-250-g-central-lechera-asturiana/R-835752307/p
La despensa,Comino molido Carrefour 45 g.,"1,95 €","13,11 €/kg",https://www.carrefour.es/supermercado/comino-molido-carrefour-45-g-carrefour/R-prod710282/p
La despensa,Bonito del norte en aceite de oliva Carrefour pack de 3 latas de 52 g.,"2,83 €","12,50 €/kg",https://www.carrefour.es/supermercado/bonito-del-norte-en-aceite-de-oliva-carrefour-pack-de-3-latas-de-52-g-carrefour/R-prod630003/p
La despensa,Huevos M camperos Quien es el Jefe 12 ud.,"2,82 €","2,83 €/docena",https://www.carrefour.es/supermercado/huevos-m-camperos-quien-es-el-jefe-12-ud/R-fprod1460370/p
La despensa,Chocolate con leche Milka pack de 4 tabletas de 100 g.,"0,48 €","7,05 €/kg",https://www.carrefour.es/supermercado/chocolate-con-leche-milka-pack-de-4-tabletas-de-100-g-milka/R-627801618/p
La despensa,Cebolla granulada Carrefour 30 g.,"0,99 €","16,00 €/kg",https://www.carrefour.es/supermercado/cebolla-granulada-carrefour-30-g-carrefour/R-fprod1260109/p
La despensa,Mousse de chocolate crujiente Nestlé Gold pack de 4 unidades de 57 g.,"3,95 €","8,11 €/kg",https://www.carrefour.es/supermercado/mousse-de-chocolate-crujiente-nestle-gold-pack-de-4-unidades-de-57-g-nestle-gold/R-737516123/p
La despensa,MAIZ DULCE CARREFOUR ECO 160GR,"0,79 €","6,19 €/kg",https://www.carrefour.es/supermercado/maiz-dulce-carrefour-eco-160gr-carrefour-bio/R-529043203/p
La despensa,Fideo nº0 Gallo 675 g.,"2,19 €","1,99 €/kg",https://www.carrefour.es/supermercado/fideo-n0-gallo-675-g/R-VC4AECOMM-556094/p
La despensa,Pimiento del piquillo relleno de bacalao congelados 400 g,"1,42 €","9,87 €/kg",https://www.carrefour.es/supermercado/pimiento-del-piquillo-relleno-de-bacalao-congelados-400-g-carrefour/R-525964626/p
La despensa,Pizza 4 quesos Carrefour 340 g.,"1,82 €","5,35 €/kg",https://www.carrefour.es/supermercado/pizza-4-quesos-carrefour-340-g-carrefour/R-prod600079/p
La despensa,Caldo de hortalizas Carrefour sin gluten 1 l.,"0,82 €","0,82 €/l",https://www.carrefour.es/supermercado/caldo-de-hortalizas-carrefour-sin-gluten-1-l-carrefour/R-521005791/p
La despensa,Yogur líquido de lima-limón sin azúcar añadido Danone Danacol sin gluten pack de 6 unidades de 100 g.,"3,69 €","6,15 €/kg",https://www.carrefour.es/supermercado/yogur-liquido-de-lima-limon-sin-azucar-anadido-danone-danacol-sin-gluten-pack-de-6-unidades-de-100-g-danone-danacol/R-839100531/p
La despensa,Pizza barbacoa La Originale Palacios 400 g.,"2,80 €","7,00 €/kg",https://www.carrefour.es/supermercado/pizza-barbacoa-la-originale-palacios-400-g-palacios-la-originale/R-854001645/p
La despensa,Flan de queso Danone sin gluten pack de 4 unidades de 100 g.,"2,15 €","5,37 €/kg",https://www.carrefour.es/supermercado/flan-de-queso-danone-sin-gluten-pack-de-4-unidades-de-100-g-danone/R-764119465/p
La despensa,Mejillones en escabeche Cuca 69 g.,"2,18 €","49,28 €/kg",https://www.carrefour.es/supermercado/mejillones-en-escabeche-cuca-69-g-cuca/R-521006410/p
La despensa,Galletas de chocolate rellenas de crema bañadas en chocolate blancoo Oreo 246 g.,"1,65 €","8,86 €/kg",https://www.carrefour.es/supermercado/galletas-de-chocolate-rellenas-de-crema-banadas-en-chocolate-blancoo-oreo-246-g-oreo/R-590209299/p
La despensa,Arroz blanco precocido Carrefour pack de 6 unidades de 167 g.,"0,54 €","1,65 €/kg",https://www.carrefour.es/supermercado/arroz-blanco-precocido-carrefour-pack-de-6-unidades-de-167-g-carrefour/R-612501690/p
La despensa,Pimentón dulce Carrefour 45 g.,"5,05 €","12,00 €/kg",https://www.carrefour.es/supermercado/pimenton-dulce-carrefour-45-g-carrefour/R-prod710283/p
La despensa,"Café extra fuerte en cápsulas Carrefour compatible con Nespresso 30 unidades de 5,2 g.","1,36 €","32,37 €/kg",https://www.carrefour.es/supermercado/cafe-extra-fuerte-en-capsulas-carrefour-compatible-con-nespresso-30-unidades-de-5-2-g-carrefour/R-823818469/p
La despensa,Pisto fritada de verduras Hida 350 g.,"1,66 €","3,89 €/kg",https://www.carrefour.es/supermercado/pisto-fritada-de-verduras-hida-350-g-hida/R-521006763/p
La despensa,Yogur líquido de fresa y plátano Danone 550 g.,"1,31 €","3,02 €/kg",https://www.carrefour.es/supermercado/yogur-liquido-de-fresa-y-platano-danone-550-g-danone/R-769008578/p
La despensa,Postre delicias de trufa Nestlé La Lechera pack de 2 unidades de 125 g.,"1,48 €","5,24 €/kg",https://www.carrefour.es/supermercado/postre-delicias-de-trufa-nestle-la-lechera-pack-de-2-unidades-de-125-g-nestle-la-lechera/R-772505553/p
La despensa,Galletas Princesa Artiach 120 g.,"1,11 €","12,33 €/kg",https://www.carrefour.es/supermercado/galletas-princesa-artiach-120-g-artiach/R-521012465/p
La despensa,Alubia blanca cocida La Asturiana 400 g.,"2,75 €","2,77 €/kg",https://www.carrefour.es/supermercado/alubia-blanca-cocida-la-asturiana-400-g-la-asturiana/R-prod260131/p
La despensa,Guisantes tiernos muy finos sin azúcares añadidos Bonduelle pack 3 unidades de 140 g.,"2,20 €","6,55 €/kg",https://www.carrefour.es/supermercado/guisantes-tiernos-muy-finos-sin-azucares-anadidos-bonduelle-pack-3-unidades-de-140-g/R-fprod1420173/p
La despensa,Aceitunas negras sin hueso Serpis pack de 2 latas de 85 g.,"1,09 €","12,94 €/kg",https://www.carrefour.es/supermercado/aceitunas-negras-sin-hueso-serpis-pack-de-2-latas-de-85-g-serpis/R-632702156/p
La despensa,Galletas rellenas de crema con chocolate blanco Carrefour 252 g.,"1,48 €","4,33 €/kg",https://www.carrefour.es/supermercado/galletas-rellenas-de-crema-con-chocolate-blanco-carrefour-252-g-carrefour/R-839100325/p
La despensa,Bebida de soja natural ViveSoy brik 1 l.,"1,40 €","1,48 €/l",https://www.carrefour.es/supermercado/bebida-de-soja-natural-vivesoy-brik-1-l-vivesoy/R-526627368/p
La despensa,Petit de fresa Carrefour Kids en bolsitas pack de 4 unidades de 90 g.,"1,70 €","3,89 €/kg",https://www.carrefour.es/supermercado/petit-de-fresa-carrefour-kids-en-bolsitas-pack-de-4-unidades-de-90-g-carrefour-kids/R-614801774/p
La despensa,Maíz contenido bajo de sal y sin azúcar añadidos Carrefour pack de 3 unidades de 140 g.,"2,15 €","4,05 €/kg",https://www.carrefour.es/supermercado/maiz-contenido-bajo-de-sal-y-sin-azucar-anadidos-carrefour-pack-de-3-unidades-de-140-g-carrefour/R-530014631/p
La despensa,Chocolate negro 85% ecológico Suchard 90 g.,"0,87 €","23,89 €/kg",https://www.carrefour.es/supermercado/chocolate-negro-85-ecologico-suchard-90-g-suchard/R-prod480098/p
La despensa,Tortitas de arroz integrales ecológicas Carrefour Bio 100 g.,"4,40 €","8,70 €/kg",https://www.carrefour.es/supermercado/tortitas-de-arroz-integrales-ecologicas-carrefour-bio-100-g-carrefour-bio/R-521004541/p
La despensa,Pizza de atún y bacon Casa Tarradellas 405 g.,"2,64 €","6,52 €/kg",https://www.carrefour.es/supermercado/pizza-de-atun-y-bacon-casa-tarradellas-405-g-casa-tarradellas/R-521030235/p
La despensa,Galletas con pepitas de chocolate sin azúcar añadido Diet Nature Gullón 125 g.,"1,50 €","12,00 €/kg",https://www.carrefour.es/supermercado/galletas-con-pepitas-de-chocolate-sin-azucar-anadido-diet-nature-gullon-125-g-gullon/R-521002769/p
La despensa,"Pizza de salami, mozzarella y pesto Ristorante Dr. Oetker 360 g.","0,82 €","9,64 €/kg",https://www.carrefour.es/supermercado/pizza-de-salami-mozzarella-y-pesto-ristorante-dr-oetker-360-g-dr-oetker-ristorante/R-795705184/p
La despensa,Macarrones ecológicos Carrefour Bio 500 g.,"1,85 €","1,64 €/kg",https://www.carrefour.es/supermercado/macarrones-ecologicos-carrefour-bio-500-g-carrefour-bio/R-522714064/p
La despensa,Patatas fritas artesanas en aceite de oliva Lay's sin gluten 160 g.,"1,12 €","11,56 €/kg",https://www.carrefour.es/supermercado/patatas-fritas-artesanas-en-aceite-de-oliva-lays-sin-gluten-160-g-lays/R-521013979/p
La despensa,Pimientos rojos enteros y pelados Carrefour pack de 3 unidades de 60 g.,"2,64 €","6,22 €/kg",https://www.carrefour.es/supermercado/pimientos-rojos-enteros-y-pelados-carrefour-pack-de-3-unidades-de-60-g-carrefour/R-521006027/p
La despensa,Arroz con leche Danone sin gluten pack de 2 unidades de 130 g.,"0,87 €","4,27 €/kg",https://www.carrefour.es/supermercado/arroz-con-leche-danone-sin-gluten-pack-de-2-unidades-de-130-g-danone/R-712515123/p
La despensa,Pizza barbacoa Casa Tarradellas 440 g.,"0,57 €","6,07 €/kg",https://www.carrefour.es/supermercado/pizza-barbacoa-casa-tarradellas-440-g-casa-tarradellas/R-521030225/p
La despensa,Pipas de girasol contenido bajo de sal Carrefour 125 g.,"1,88 €","6,96 €/kg",https://www.carrefour.es/supermercado/pipas-de-girasol-contenido-bajo-de-sal-carrefour-125-g-carrefour/R-680401747/p
La despensa,Garbanzos cocidos Carrefour 200 g.,"1,59 €","2,85 €/kg",https://www.carrefour.es/supermercado/garbanzos-cocidos-carrefour-200-g/R-VC4AECOMM-551496/p
La despensa,Yogur desnatado cremoso natural edulcorado sin azúcar añadido Danone Vitalinea pack de 4 unidades de 120 g.,"0,74 €","3,92 €/kg",https://www.carrefour.es/supermercado/yogur-desnatado-cremoso-natural-edulcorado-sin-azucar-anadido-danone-vitalinea-pack-de-4-unidades-de-120-g-danone-vitalinea/R-522714819/p
La despensa,Caldo de carne en pastillas Avecrem sin gluten 20 ud.,"3,06 €","7,95 €/kg",https://www.carrefour.es/supermercado/caldo-de-carne-en-pastillas-avecrem-sin-gluten-20-ud-avecrem/R-prod1160261/p
La despensa,Estrellas de maíz crujientes Carrefour 65 g.,"2,80 €","11,38 €/kg",https://www.carrefour.es/supermercado/estrellas-de-maiz-crujientes-carrefour-65-g-carrefour/R-521003739/p
La despensa,Yogur bífidus desnatado cremoso de frutos silvestres Danone Activia pack de 8 unidades de 120 g.,"0,99 €","3,19 €/kg",https://www.carrefour.es/supermercado/yogur-bifidus-desnatado-cremoso-de-frutos-silvestres-danone-activia-pack-de-8-unidades-de-120-g-danone-activia/R-prod800228/p
La despensa,Pizza 4 quesos La Originale Palacios 400 g.,"3,17 €","7,18 €/kg",https://www.carrefour.es/supermercado/pizza-4-quesos-la-originale-palacios-400-g-palacios-la-originale/R-854001649/p
La despensa,Espaguetis al huevo Carrefour 500 g.,"0,95 €","1,98 €/kg",https://www.carrefour.es/supermercado/espaguetis-al-huevo-carrefour-500-g-carrefour/R-521005673/p
La despensa,Pizza carbonara fina y crujiente forno di pietra Buitoni 300 g.,"5,09 €","10,57 €/kg",https://www.carrefour.es/supermercado/pizza-carbonara-fina-y-crujiente-forno-di-pietra-buitoni-300-g-buitoni/R-732408760/p
La despensa,Cuajada azucarada Carrefour pack de 4 unidades de 125 g.,"2,85 €","1,90 €/kg",https://www.carrefour.es/supermercado/cuajada-azucarada-carrefour-pack-de-4-unidades-de-125-g-carrefour/R-696405266/p
La despensa,Leche condensada Nestlé - La Lechera 450 g.,"1,36 €","4,89 €/kg",https://www.carrefour.es/supermercado/leche-condensada-nestle-la-lechera-450-g-nestle-la-lechera/R-521013211/p
La despensa,Espaguetis ecológicos Carrefour Bio 500 g.,"0,82 €","1,64 €/kg",https://www.carrefour.es/supermercado/espaguetis-ecologicos-carrefour-bio-500-g-carrefour-bio/R-522714062/p
La despensa,Cuscús grano mediano Gallo 500 g.,"1,42 €","2,84 €/kg",https://www.carrefour.es/supermercado/cuscus-grano-mediano-gallo-500-g-gallo/R-521005574/p
La despensa,Vino para cocinar Carrefour 75 cl.,"1,99 €","2,65 €/l",https://www.carrefour.es/supermercado/vino-para-cocinar-carrefour-75-cl-carrefour/R-520660404/p
La despensa,Leche entera con calcio Carrefour brik 1 l.,"0,70 €","0,70 €/l",https://www.carrefour.es/supermercado/leche-entera-con-calcio-carrefour-brik-1-l-carrefour/R-521007002/p
La despensa,Hummus light Carrefour sin gluten 240 g.,"1,25 €","5,21 €/kg",https://www.carrefour.es/supermercado/hummus-light-carrefour-sin-gluten-240-g-carrefour/R-fprod1340004/p
La despensa,Chocolate con leche Milka 125 g.,"0,88 €","7,04 €/kg",https://www.carrefour.es/supermercado/chocolate-con-leche-milka-125-g-milka/R-521004211/p
La despensa,Yogur L.Casei líquido con fresa Danone Actimel pack de 6 unidades de 100 g.,"2,99 €","4,98 €/kg",https://www.carrefour.es/supermercado/yogur-lcasei-liquido-con-fresa-danone-actimel-pack-de-6-unidades-de-100-g-danone-actimel/R-521029679/p
La despensa,Alubia blanca cocida ecológica Pedro Luis 425 g.,"2,80 €","5,60 €/kg",https://www.carrefour.es/supermercado/alubia-blanca-cocida-ecologica-pedro-luis-425-g-pedro-luis/R-795411365/p
La despensa,Torreznos de cerdo Carrefour sin gluten 110 g.,"1,29 €","11,73 €/kg",https://www.carrefour.es/supermercado/torreznos-de-cerdo-carrefour-sin-gluten-110-g-carrefour/R-590211123/p
La despensa,Cereales integrales con caramelo y chocolate Lion Nestlé 675 g.,"3,95 €","5,85 €/kg",https://www.carrefour.es/supermercado/cereales-integrales-con-caramelo-y-chocolate-lion-nestle-675-g-nestle-lion/R-714001806/p
La despensa,Mayonesa Ligeresa tarro 450 ml.,"1,95 €","4,33 €/l",https://www.carrefour.es/supermercado/mayonesa-ligeresa-tarro-450-ml-ligeresa/R-521012507/p
La despensa,Galletas Mini The Simpson Siro 275 g.,"1,93 €","9,65 €/kg",https://www.carrefour.es/supermercado/galletas-mini-the-simpson-siro-275-g-siro/R-521015025/p
La despensa,Garbanzos con espinacas Litoral 425 g.,"1,66 €","3,91 €/kg",https://www.carrefour.es/supermercado/garbanzos-con-espinacas-litoral-425-g-litoral/R-757607343/p
La despensa,Atún claro en aceite de oliva Isabel sin lactosa pack de 6 latas de 52 g.,"4,55 €","14,58 €/kg",https://www.carrefour.es/supermercado/atun-claro-en-aceite-de-oliva-isabel-sin-lactosa-pack-de-6-latas-de-52-g-isabel/R-521011358/p
La despensa,Bebida de arroz original sin azúcar añadido Alpro Central Lechera Asturiana brik 1 l.,"1,04 €","1,04 €/l",https://www.carrefour.es/supermercado/bebida-de-arroz-original-sin-azucar-anadido-alpro-central-lechera-asturiana-brik-1-l-alpro-central-lechera-asturiana/R-767407306/p
La despensa,Mayonesa Ligeresa pack de 3 tarros de 210 ml.,"2,51 €","3,98 €/l",https://www.carrefour.es/supermercado/mayonesa-ligeresa-pack-de-3-tarros-de-210-ml-ligeresa/R-804323974/p
La despensa,"Yogur sabor fresa, plátano, macedonia y tarta de queso Danone sin gluten pack de 8 unidades de 120 g.","1,99 €","2,07 €/kg",https://www.carrefour.es/supermercado/yogur-sabor-fresa-platano-macedonia-y-tarta-de-queso-danone-sin-gluten-pack-de-8-unidades-de-120-g-danone/R-625605506/p
La despensa,Yogur semidesnatado líquido de fresa y plátano Carrefour Kids pack de 6 unidades de 100 g.,"1,45 €","2,42 €/kg",https://www.carrefour.es/supermercado/yogur-semidesnatado-liquido-de-fresa-y-platano-carrefour-kids-pack-de-6-unidades-de-100-g-carrefour-kids/R-801332766/p
La despensa,Pizza de jamón y queso Campofrío 360 g.,"2,25 €","6,11 €/kg",https://www.carrefour.es/supermercado/pizza-de-jamon-y-queso-campofrio-360-g-campofrio/R-521033038/p
La despensa,Infusión en bolsitas Duerme Bien Pompadour 20 ud.,"1,46 €","51,14 €/kg",https://www.carrefour.es/supermercado/infusion-en-bolsitas-duerme-bien-pompadour-20-ud-pompadour/R-654501908/p
La despensa,Aceitunas verdes manzanilla con hueso Carrefour 500 g.,"1,19 €","2,92 €/kg",https://www.carrefour.es/supermercado/aceitunas-verdes-manzanilla-con-hueso-carrefour-500-g/R-VC4AECOMM-488088/p
La despensa,Yogur con fresas Danone Original pack de 2 unidades de 135 g.,"0,99 €","4,25 €/kg",https://www.carrefour.es/supermercado/yogur-con-fresas-danone-original-pack-de-2-unidades-de-135-g-danone-original/R-521029825/p
La despensa,Leche semidesnatada ecológica Puleva brik 1 l.,"1,29 €","1,29 €/l",https://www.carrefour.es/supermercado/leche-semidesnatada-ecologica-puleva-brik-1-l-puleva/R-625735708/p
La despensa,Alubia pinta categoría extra Luengo 1 kg.,"3,06 €","3,06 €/kg",https://www.carrefour.es/supermercado/alubia-pinta-categoria-extra-luengo-1-kg-luengo/R-522713752/p
La despensa,Leche condensada Carrefour 450 g.,"1,35 €","3,00 €/kg",https://www.carrefour.es/supermercado/leche-condensada-carrefour-450-g-carrefour/R-521003207/p
La despensa,Bebida de avena sin azúcares añadidos ecológica YoSoy brik 1 l.,"1,68 €","1,68 €/l",https://www.carrefour.es/supermercado/bebida-de-avena-sin-azucares-anadidos-ecologica-yosoy-brik-1-l-yosoy/R-prod580058/p
La despensa,Yogur griego sabor lima limón Oikos sin gluten pack de 4 unidades de 110 g.,"0,88 €","4,52 €/kg",https://www.carrefour.es/supermercado/yogur-griego-sabor-lima-limon-oikos-sin-gluten-pack-de-4-unidades-de-110-g/R-VC4AECOMM-576250/p
La despensa,Galletas de mantequilla con chocolate Carrefour 150 g.,"0,99 €","5,87 €/kg",https://www.carrefour.es/supermercado/galletas-de-mantequilla-con-chocolate-carrefour-150-g-carrefour/R-680901948/p
La despensa,Mermelada de fresa categoría extra Carrefour 410 g.,"2,10 €","2,41 €/kg",https://www.carrefour.es/supermercado/mermelada-de-fresa-categoria-extra-carrefour-410-g-carrefour/R-521003422/p
La despensa,Patatas fritas al punto de sal Lay's sin gluten y sin lactosa 282 g.,"6,65 €","7,45 €/kg",https://www.carrefour.es/supermercado/patatas-fritas-al-punto-de-sal-lays-sin-gluten-y-sin-lactosa-282-g/R-VC4AECOMM-593717/p
La despensa,"Café sontuoso en cápsulas L'Or Espresso compatible con Nespresso 20 unidades de 5,2 g.","3,05 €","63,94 €/kg",https://www.carrefour.es/supermercado/cafe-sontuoso-en-capsulas-lor-espresso-compatible-con-nespresso-20-unidades-de-5-2-g-lor-espresso/R-prod870636/p
La despensa,"Crema de calabaza, zanahoria y guisantes Knorr 1 l.","1,24 €","3,05 €/l",https://www.carrefour.es/supermercado/crema-de-calabaza-zanahoria-y-guisantes-knorr-1-l-knorr/R-fprod1370230/p
La despensa,Yogur azucarado natural Danone pack de 4 unidades de 120 g.,"1,50 €","2,00 €/kg",https://www.carrefour.es/supermercado/yogur-azucarado-natural-danone-pack-de-4-unidades-de-120-g-danone/R-521029405/p
La despensa,Tomate frito Orlando sin gluten y sin lactosa brik 780 g.,"3,30 €","1,59 €/kg",https://www.carrefour.es/supermercado/tomate-frito-orlando-sin-gluten-y-sin-lactosa-brik-780-g-orlando/R-521029211/p
La despensa,Yogur de fresa con grageas de chocolate Nestlé Smarties pack de 2 unidades de 128 g.,"3,60 €","5,86 €/kg",https://www.carrefour.es/supermercado/yogur-de-fresa-con-grageas-de-chocolate-nestle-smarties-pack-de-2-unidades-de-128-g-nestle-smarties/R-638901810/p
La despensa,Salsa de soja Kikkoman 250 ml.,"9,24 €","13,20 €/l",https://www.carrefour.es/supermercado/salsa-de-soja-kikkoman-250-ml-kikkoman/R-521005313/p
La despensa,"Ravioli de trufa, setas y queso Rana 250 g.","0,80 €","14,40 €/kg",https://www.carrefour.es/supermercado/ravioli-de-trufa-setas-y-queso-rana-250-g-rana/R-785501759/p
La despensa,Cacao soluble Cola Cao 1600 g.,"1,87 €","5,78 €/kg",https://www.carrefour.es/supermercado/cacao-soluble-cola-cao-1600-g-cola-cao/R-551802063/p
La despensa,Alubias cocidas en salsa de tomate Heinz 420 g.,"3,50 €","1,90 €/kg",https://www.carrefour.es/supermercado/alubias-cocidas-en-salsa-de-tomate-heinz-420-g-heinz/R-521029345/p
La despensa,Tempura 5 verduras Carrefour 400 g.,"0,99 €","4,67 €/kg",https://www.carrefour.es/supermercado/tempura-5-verduras-carrefour-400-g-carrefour/R-643002397/p
La despensa,Almendras crudas Carrefour 200 g.,"1,93 €","17,50 €/kg",https://www.carrefour.es/supermercado/almendras-crudas-carrefour-200-g-carrefour/R-791843028/p
La despensa,Croquetas cabrales Carrefour 500 g.,"1,55 €","1,98 €/kg",https://www.carrefour.es/supermercado/croquetas-cabrales-carrefour-500-g-carrefour/R-521031334/p
La despensa,Atún claro en aceite de oliva Consorcio 135 g.,"1,59 €","27,78 €/kg",https://www.carrefour.es/supermercado/atun-claro-en-aceite-de-oliva-consorcio-135-g-consorcio/R-832012750/p
La despensa,Aceitunas verdes rellenas de anchoa Serpis 150 g.,"1,69 €","11,27 €/kg",https://www.carrefour.es/supermercado/aceitunas-verdes-rellenas-de-anchoa-serpis-150-g-serpis/R-521003875/p
La despensa,Yogur bífidus natural Danone Activia pack de 4 unidades de 120 g.,"1,90 €","3,80 €/kg",https://www.carrefour.es/supermercado/yogur-bifidus-natural-danone-activia-pack-de-4-unidades-de-120-g-danone-activia/R-521029551/p
La despensa,Piccolinis 3 quesos Buitoni pack de 3 unidades de 90 g.,"0,88 €","10,56 €/kg",https://www.carrefour.es/supermercado/piccolinis-3-quesos-buitoni-pack-de-3-unidades-de-90-g-buitoni/R-521031423/p
La despensa,Banderillas suaves Carrefour 160 g.,"1,82 €","5,50 €/kg",https://www.carrefour.es/supermercado/banderillas-suaves-carrefour-160-g-carrefour/R-530067496/p
La despensa,Cereales con chocolate Stylesse Carrefour 500 g.,"1,25 €","3,64 €/kg",https://www.carrefour.es/supermercado/cereales-con-chocolate-stylesse-carrefour-500-g-carrefour/R-530363360/p
La despensa,Chocolate con leche Lindt 125 g.,"4,25 €","10,00 €/kg",https://www.carrefour.es/supermercado/chocolate-con-leche-lindt-125-g-lindt/R-582605380/p
La despensa,Café con leche descafeinado en cápsulas Nescafé Dolce Gusto 16 ud.,"2,15 €","26,56 €/kg",https://www.carrefour.es/supermercado/cafe-con-leche-descafeinado-en-capsulas-nescafe-dolce-gusto-16-ud-nescafe-dolce-gusto/R-831313919/p
La despensa,Mousse natural azucarado Danone pack de 4 unidades de 65 g.,"2,29 €","8,27 €/kg",https://www.carrefour.es/supermercado/mousse-natural-azucarado-danone-pack-de-4-unidades-de-65-g-danone/R-772505583/p
La despensa,Patatas fritas sabor jamón ibérico gourmet Lay's 150 g.,"3,95 €","15,27 €/kg",https://www.carrefour.es/supermercado/patatas-fritas-sabor-jamon-iberico-gourmet-lays-150-g/R-VC4AECOMM-500731/p
La despensa,Atún claro al natural Carrefour pack de 3 latas de 104 g.,"0,99 €","11,76 €/kg",https://www.carrefour.es/supermercado/atun-claro-al-natural-carrefour-pack-de-3-latas-de-104-g-carrefour/R-521029276/p
La despensa,Chocolate negro 90% Carrefour Selección 80 g.,"1,49 €","12,37 €/kg",https://www.carrefour.es/supermercado/chocolate-negro-90-carrefour-seleccion-80-g-carrefour-seleccion/R-prod870853/p
La despensa,Arroz largo integral ecológico Carrefour Bio 500 g.,"0,99 €","2,98 €/kg",https://www.carrefour.es/supermercado/arroz-largo-integral-ecologico-carrefour-bio-500-g/R-VC4AECOMM-430722/p
La despensa,Bebida de arroz ecológica Carrefour Bio brik 1 l.,"0,99 €","0,99 €/l",https://www.carrefour.es/supermercado/bebida-de-arroz-ecologica-carrefour-bio-brik-1-l-carrefour-bio/R-845900442/p
La despensa,Leche desnatada 0% MG Puleva sin lactosa botella 1 l.,"3,25 €","0,99 €/l",https://www.carrefour.es/supermercado/leche-desnatada-0-mg-puleva-sin-lactosa-botella-1-l-puleva/R-538002088/p
La despensa,Nuez mondada Carrefour tarrina 150 g,"5,95 €","21,67 €/kg",https://www.carrefour.es/supermercado/nuez-mondada-carrefour-tarrina-150-g-carrefour/R-prod1070665/p
La despensa,Pistacho tostado Carrefour bolsa de 500 g,"3,60 €","11,90 €/kg",https://www.carrefour.es/supermercado/pistacho-tostado-carrefour-bolsa-de-500-g-carrefour/R-prod1130699/p
La despensa,Chocolate negro 85% Lindt Excellence pack de 2 tabletas de 100 g.,"0,65 €","22,40 €/kg",https://www.carrefour.es/supermercado/chocolate-negro-85-lindt-excellence-pack-de-2-tabletas-de-100-g-lindt-excellence/R-862102733/p
La despensa,Ravioli de queso de cabra y cebolla caramelizada Rana 250 g.,"1,18 €","14,40 €/kg",https://www.carrefour.es/supermercado/ravioli-de-queso-de-cabra-y-cebolla-caramelizada-rana-250-g-rana/R-521030304/p
La despensa,Placas para canelones Gallo 160 g.,"1,14 €","3,94 €/kg",https://www.carrefour.es/supermercado/placas-para-canelones-gallo-160-g-gallo/R-836507219/p
La despensa,Molinillo pimienta negra en grano Carrefour 45 g.,"1,19 €","26,22 €/kg",https://www.carrefour.es/supermercado/molinillo-pimienta-negra-en-grano-carrefour-45-g-carrefour/R-prod710297/p
La despensa,Salsa barbacoa Carrefour envase 400 g.,"2,65 €","2,85 €/kg",https://www.carrefour.es/supermercado/salsa-barbacoa-carrefour-envase-400-g-carrefour/R-prod860523/p
La despensa,Manzanilla con anís en bolsitas Carrefour 50 ud.,"1,06 €","18,31 €/kg",https://www.carrefour.es/supermercado/manzanilla-con-anis-en-bolsitas-carrefour-50-ud-carrefour/R-prod690064/p
La despensa,Bebida láctea semidesnatada fibra Central Lechera Asturiana brik 1 l.,"1,19 €","1,19 €/l",https://www.carrefour.es/supermercado/bebida-lactea-semidesnatada-fibra-central-lechera-asturiana-brik-1-l-central-lechera-asturiana/R-521007026/p
La despensa,Tomate natural triturado extra Orlando 800 g.,"0,99 €","1,24 €/kg",https://www.carrefour.es/supermercado/tomate-natural-triturado-extra-orlando-800-g-orlando/R-521029247/p
La despensa,Té verde en bolsitas Carrefour 30 ud.,"0,78 €","17,33 €/kg",https://www.carrefour.es/supermercado/te-verde-en-bolsitas-carrefour-30-ud-carrefour/R-prod690071/p
La despensa,Manzanilla en bolsitas Hornimans 25 ud.,"1,80 €","16,36 €/kg",https://www.carrefour.es/supermercado/manzanilla-en-bolsitas-hornimans-25-ud-hornimans/R-521003132/p
La despensa,Tallarines a la parmesana Gallina Blanca 145 g.,"1,99 €","13,72 €/kg",https://www.carrefour.es/supermercado/tallarines-a-la-parmesana-gallina-blanca-145-g-gallina-blanca/R-521006832/p
La despensa,"Nuggets de pollo, con salsa barbacoa La Cocinera 350 g.","3,89 €","11,11 €/kg",https://www.carrefour.es/supermercado/nuggets-de-pollo-con-salsa-barbacoa-la-cocinera-350-g-la-cocinera/R-521031494/p
La despensa,Callos a la Madrileña Litoral 380 g.,"3,20 €","8,42 €/kg",https://www.carrefour.es/supermercado/callos-a-la-madrilena-litoral-380-g-litoral/R-521006747/p
La despensa,Lenteja categoría extra ecológica Carrefour Bio 500 g.,"1,67 €","3,34 €/kg",https://www.carrefour.es/supermercado/lenteja-categoria-extra-ecologica-carrefour-bio-500-g-carrefour-bio/R-fprod1260232/p
La despensa,Salsa barbacoa cero Prima sin gluten envase 325 g.,"1,72 €","5,29 €/kg",https://www.carrefour.es/supermercado/salsa-barbacoa-cero-prima-sin-gluten-envase-325-g-prima/R-prod393252/p
La despensa,Levadura 66 g.,"0,33 €","5,00 €/kg",https://www.carrefour.es/supermercado/levadura-66-g-producto-blanco/R-prod720816/p
La despensa,Puré de patatas Maggi sin gluten 230 g.,"1,73 €","7,52 €/kg",https://www.carrefour.es/supermercado/pure-de-patatas-maggi-sin-gluten-230-g-maggi/R-521005869/p
La despensa,Preparado de soja sabor arándanos y frutos rojos Alpro sin lactosa pack de 4 unidades de 125 g.,"1,99 €","3,98 €/kg",https://www.carrefour.es/supermercado/preparado-de-soja-sabor-arandanos-y-frutos-rojos-alpro-sin-lactosa-pack-de-4-unidades-de-125-g-alpro/R-prod731045/p
La despensa,Nata para cocinar espesa Président 250 ml.,"1,25 €","5,00 €/l",https://www.carrefour.es/supermercado/nata-para-cocinar-espesa-president-250-ml-president/R-521032926/p
La despensa,Leche semidesnatada Lauki brik 1 l.,"0,79 €","0,79 €/l",https://www.carrefour.es/supermercado/leche-semidesnatada-lauki-brik-1-l-lauki/R-521012942/p
La despensa,Fabada asturiana Carrefour sin gluten 440 g.,"1,04 €","2,36 €/kg",https://www.carrefour.es/supermercado/fabada-asturiana-carrefour-sin-gluten-440-g-carrefour/R-521006707/p
La despensa,Sal marina fina ecológica Ecocesta 1 kg.,"1,50 €","1,50 €/kg",https://www.carrefour.es/supermercado/sal-marina-fina-ecologica-ecocesta-1-kg-ecocesta/R-804987951/p
La despensa,Fettuccine al huevo Gallo 450 g.,"4,25 €","2,68 €/kg",https://www.carrefour.es/supermercado/fettuccine-al-huevo-gallo-450-g-gallo/R-521005690/p
La despensa,Café espresso intenso descafeinado en cápsulas Néscafe Dolce Gusto 16 ud.,"1,15 €","44,27 €/kg",https://www.carrefour.es/supermercado/cafe-espresso-intenso-descafeinado-en-capsulas-nescafe-dolce-gusto-16-ud-nescafe-dolce-gusto/R-804987955/p
La despensa,Mayonesa Hellmann's tarro 225 ml.,"1,65 €","5,11 €/l",https://www.carrefour.es/supermercado/mayonesa-hellmanns-tarro-225-ml-hellmanns/R-799328590/p
La despensa,Nachos sabor chilli Doritos 150 g.,"2,10 €","11,00 €/kg",https://www.carrefour.es/supermercado/nachos-sabor-chilli-doritos-150-g-doritos/R-645501812/p
La despensa,Pizza bolognese Ristorante Dr. Oetker 375 g.,"1,71 €","9,25 €/kg",https://www.carrefour.es/supermercado/pizza-bolognese-ristorante-dr-oetker-375-g-dr-oetker-ristorante/R-674401710/p
La despensa,Avellana repelada tostada sin sal Carrefour tarrina 225 g,"3,95 €","17,56 €/kg",https://www.carrefour.es/supermercado/avellana-repelada-tostada-sin-sal-carrefour-tarrina-225-g-carrefour/R-prod1070735/p
La despensa,Harina para pizza Carrefour 1 kg.,"1,14 €","1,14 €/kg",https://www.carrefour.es/supermercado/harina-para-pizza-carrefour-1-kg-carrefour/R-prod310404/p
La despensa,Penne rigate Barilla 500 g.,"1,49 €","2,98 €/kg",https://www.carrefour.es/supermercado/penne-rigate-barilla-500-g-barilla/R-522713678/p
La despensa,Batido de vanilla Puleva pack de 6 briks de 200 ml.,"2,00 €","1,67 €/l",https://www.carrefour.es/supermercado/batido-de-vanilla-puleva-pack-de-6-briks-de-200-ml-puleva/R-521006953/p
La despensa,Chocolate negro 74% ecológico Carrefour Bio 100 g.,"1,34 €","13,40 €/kg",https://www.carrefour.es/supermercado/chocolate-negro-74-ecologico-carrefour-bio-100-g-carrefour-bio/R-825914902/p
La despensa,Tomate doble concentrado Hida 170 g.,"0,85 €","5,00 €/kg",https://www.carrefour.es/supermercado/tomate-doble-concentrado-hida-170-g-hida/R-686400197/p
La despensa,Tortellini de ricotta y espinacas Rana de la Huerta 250 g.,"3,29 €","13,16 €/kg",https://www.carrefour.es/supermercado/tortellini-de-ricotta-y-espinacas-rana-de-la-huerta-250-g-rana/R-836134046/p
La despensa,Ciruela deshuesada Carrefour tarrina 350 g,"2,50 €","7,14 €/kg",https://www.carrefour.es/supermercado/ciruela-deshuesada-carrefour-tarrina-350-g-carrefour/R-prod1070718/p
La despensa,Postre delicias de galleta María Nestlé La Lechera pack de 2 unidades de 125 g.,"1,31 €","5,24 €/kg",https://www.carrefour.es/supermercado/postre-delicias-de-galleta-maria-nestle-la-lechera-pack-de-2-unidades-de-125-g-nestle-la-lechera/R-772505561/p
La despensa,Crema de cacao y leche con avellanas Nocilla 780 g.,"3,90 €","5,00 €/kg",https://www.carrefour.es/supermercado/crema-de-cacao-y-leche-con-avellanas-nocilla-780-g-nocilla/R-prod350520/p
La despensa,Galletas Dinosaurus Artiach 185 g.,"0,88 €","4,76 €/kg",https://www.carrefour.es/supermercado/galletas-dinosaurus-artiach-185-g-artiach/R-521002925/p
La despensa,Cuscús grano mediano ecológico Carrefour Bio 500 g.,"1,38 €","2,76 €/kg",https://www.carrefour.es/supermercado/cuscus-grano-mediano-ecologico-carrefour-bio-500-g-carrefour-bio/R-848500306/p
La despensa,Sardinillas con tomate Carrefour pack de 2 unidades de 65 g.,"1,05 €","8,08 €/kg",https://www.carrefour.es/supermercado/sardinillas-con-tomate-carrefour-pack-de-2-unidades-de-65-g-carrefour/R-prod590525/p
La despensa,Tomillo Carrefour 18 g.,"0,54 €","30,00 €/kg",https://www.carrefour.es/supermercado/tomillo-carrefour-18-g-carrefour/R-prod710291/p
La despensa,Mayonesa Heinz envase 400 g.,"2,09 €","5,22 €/kg",https://www.carrefour.es/supermercado/mayonesa-heinz-envase-400-g-heinz/R-736814186/p
La despensa,Almendras tostada con piel Frumesa 200 g.,"2,30 €","11,50 €/kg",https://www.carrefour.es/supermercado/almendras-tostada-con-piel-frumesa-200-g-frumesa/R-856721150/p
La despensa,Canelones de atún La Cocinera 530 g.,"4,05 €","7,64 €/kg",https://www.carrefour.es/supermercado/canelones-de-atun-la-cocinera-530-g-la-cocinera/R-522713873/p
La despensa,Tomate natural pelado Carrefour 240 g.,"0,50 €","2,08 €/kg",https://www.carrefour.es/supermercado/tomate-natural-pelado-carrefour-240-g-carrefour/R-526627298/p
La despensa,Galletas 0% azúcares añadidos Chiquilín 525 g.,"2,90 €","5,52 €/kg",https://www.carrefour.es/supermercado/galletas-0-azucares-anadidos-chiquilin-525-g-chiquilin/R-prod190279/p
La despensa,Yogur griego bicapa de plátano y caramelo Carrefour pack de 4 unidades de 125 g.,"1,25 €","2,50 €/kg",https://www.carrefour.es/supermercado/yogur-griego-bicapa-de-platano-y-caramelo-carrefour-pack-de-4-unidades-de-125-g-carrefour/R-prod690137/p
La despensa,Yogur desnatado con frambuesa Danone Light&Free pack de 4 unidades de 115 g.,"1,99 €","4,33 €/kg",https://www.carrefour.es/supermercado/yogur-desnatado-con-frambuesa-danone-lightfree-pack-de-4-unidades-de-115-g-danone-lightfree/R-prod800275/p
La despensa,Sopa jardinera Gallina Blanca 71 g.,"0,59 €","8,31 €/kg",https://www.carrefour.es/supermercado/sopa-jardinera-gallina-blanca-71-g-gallina-blanca/R-747200998/p
La despensa,Judias verdes tira Gvtarra 350 g.,"2,25 €","6,43 €/kg",https://www.carrefour.es/supermercado/judias-verdes-tira-gvtarra-350-g-gvtarra/R-606700698/p
La despensa,Pepinillos agridulces grandes Carrefour 380 g.,"1,39 €","3,66 €/kg",https://www.carrefour.es/supermercado/pepinillos-agridulces-grandes-carrefour-380-g-carrefour/R-669202502/p
La despensa,Tortiglioni Barilla 500 g.,"1,49 €","2,98 €/kg",https://www.carrefour.es/supermercado/tortiglioni-barilla-500-g-barilla/R-522713776/p
La despensa,Galletas rellenas de crema de chocolate Príncipe 300 g.,"1,66 €","5,53 €/kg",https://www.carrefour.es/supermercado/galletas-rellenas-de-crema-de-chocolate-principe-300-g-principe/R-755505042/p
La despensa,Galletas rellenas de crema sabor chocolate pack de 3 unidades de 250 g.,"1,05 €","1,40 €/kg",https://www.carrefour.es/supermercado/galletas-rellenas-de-crema-sabor-chocolate-pack-de-3-unidades-de-250-g-producto-blanco/R-867101803/p
La despensa,Arroz bomba Sos 1 kg.,"4,05 €","4,05 €/kg",https://www.carrefour.es/supermercado/arroz-bomba-sos-1-kg-sos/R-590207413/p
La despensa,Tomate concentrado Mutti 130 g.,"1,34 €","10,31 €/kg",https://www.carrefour.es/supermercado/tomate-concentrado-mutti-130-g/R-fprod1480328/p
La despensa,Yogur natural Pastoret 500 g.,"2,09 €","4,18 €/kg",https://www.carrefour.es/supermercado/yogur-natural-pastoret-500-g-pastoret/R-745416220/p
La despensa,Garbanzo cocido La Asturiana 400 g.,"1,14 €","2,70 €/kg",https://www.carrefour.es/supermercado/garbanzo-cocido-la-asturiana-400-g-la-asturiana/R-prod270404/p
La despensa,Harina de trigo integral Gallo 1 kg.,"2,00 €","1,14 €/kg",https://www.carrefour.es/supermercado/harina-de-trigo-integral-gallo-1-kg-gallo/R-728807127/p
La despensa,Tomate frito con aceite de oliva virgen extra Orlando sin gluten pack de 3 briks de 210 g.,"3,20 €","3,17 €/kg",https://www.carrefour.es/supermercado/tomate-frito-con-aceite-de-oliva-virgen-extra-orlando-sin-gluten-pack-de-3-briks-de-210-g-orlando/R-526539423/p
La despensa,Café grano natural Carrefour 500 g.,"0,90 €","6,40 €/kg",https://www.carrefour.es/supermercado/cafe-grano-natural-carrefour-500-g-carrefour/R-521002948/p
La despensa,Kétchup light Carrefour envase 540 g.,"2,75 €","1,67 €/kg",https://www.carrefour.es/supermercado/ketchup-light-carrefour-envase-540-g-carrefour/R-712515963/p
La despensa,Cereales con chocolate belga All Bran Kellogg's 375 g.,"0,88 €","7,33 €/kg",https://www.carrefour.es/supermercado/cereales-con-chocolate-belga-all-bran-kelloggs-375-g-kelloggs-all-bran/R-801332792/p
La despensa,Banderillas picantes Carrefour 160 g.,"0,64 €","5,50 €/kg",https://www.carrefour.es/supermercado/banderillas-picantes-carrefour-160-g-carrefour/R-526626982/p
La despensa,Filetes de anchoas en aceite de girasol 26 g.,"2,05 €","24,62 €/kg",https://www.carrefour.es/supermercado/filetes-de-anchoas-en-aceite-de-girasol-26-g-producto-blanco/R-530363050/p
La despensa,Yogur L.Casei líquido con fresa y piña Sanus Carrefour pack de 12 unidades de 100 g.,"1,99 €","1,71 €/kg",https://www.carrefour.es/supermercado/yogur-lcasei-liquido-con-fresa-y-pina-sanus-carrefour-pack-de-12-unidades-de-100-g-carrefour/R-804987724/p
La despensa,Café molido natural 100% Arábica ecológico Carrefour Bio 250 g.,"1,95 €","7,96 €/kg",https://www.carrefour.es/supermercado/cafe-molido-natural-100-arabica-ecologico-carrefour-bio-250-g/R-VC4AECOMM-492904/p
La despensa,Tortillas mexicanas extra tiernas sin gluten Old El Paso pack de 6 unidades de 36 g.,"2,75 €","9,03 €/kg",https://www.carrefour.es/supermercado/tortillas-mexicanas-extra-tiernas-sin-gluten-old-el-paso-pack-de-6-unidades-de-36-g-old-el-paso/R-prod730699/p
La despensa,Mantequilla fácil de untar Arias 235 g.,"7,42 €","11,70 €/kg",https://www.carrefour.es/supermercado/mantequilla-facil-de-untar-arias-235-g-arias/R-521030152/p
La despensa,Chocolate negro Nestlé Dolca sin gluten 100 g.,"1,85 €","6,40 €/kg",https://www.carrefour.es/supermercado/chocolate-negro-nestle-dolca-sin-gluten-100-g-nestle-dolca/R-prod1000705/p
La despensa,Bombones de chocolate con leche y avellana Ferrero Rocher 30 ud.,"4,05 €","19,79 €/kg",https://www.carrefour.es/supermercado/bombones-de-chocolate-con-leche-y-avellana-ferrero-rocher-30-ud-ferrero-rocher/R-521013236/p
La despensa,Tortilla de patata sin cebolla 600 g,"3,00 €","3,00 €/ud",https://www.carrefour.es/supermercado/tortilla-de-patata-sin-cebolla-600-g-palacios/R-542002163/p
La despensa,Flan de clara de huevo Proteína Plus 0% materia grasa sin azúcares añadidos Carrefour sin gluten pack de 2 unidades de 160 g.,"1,46 €","4,56 €/kg",https://www.carrefour.es/supermercado/flan-de-clara-de-huevo-proteina-plus-0-materia-grasa-sin-azucares-anadidos-carrefour-sin-gluten-pack-de-2-unidades-de-160-g-carrefour/R-fprod1460253/p
La despensa,Yogur griego bicapa de manzana y canela Carrefour pack de 4 unidades de 125 g.,"1,62 €","2,42 €/kg",https://www.carrefour.es/supermercado/yogur-griego-bicapa-de-manzana-y-canela-carrefour-pack-de-4-unidades-de-125-g-carrefour/R-prod690138/p
La despensa,Tomate frito Solis sin gluten y sin lactosa pack 3 de 200 g.,"2,20 €","2,70 €/kg",https://www.carrefour.es/supermercado/tomate-frito-solis-sin-gluten-y-sin-lactosa-pack-3-de-200-g-solis/R-662301809/p
La despensa,Fideos pollo Yatekomo Gallina Blanca pack de 2 unidades de 110 g.,"1,43 €","20,00 €/kg",https://www.carrefour.es/supermercado/fideos-pollo-yatekomo-gallina-blanca-pack-de-2-unidades-de-110-g-gallina-blanca/R-prod290664/p
La despensa,Quinoa blanca y roja Brillante pack de 2 unidades de 125 g.,"1,48 €","5,72 €/kg",https://www.carrefour.es/supermercado/quinoa-blanca-y-roja-brillante-pack-de-2-unidades-de-125-g-brillante/R-834407519/p
La despensa,Bebida de soja ligera ViveSoy brik 1 l.,"1,64 €","1,48 €/l",https://www.carrefour.es/supermercado/bebida-de-soja-ligera-vivesoy-brik-1-l-vivesoy/R-551901748/p
La despensa,Ajo Carrefour 100 g.,"0,99 €","16,40 €/kg",https://www.carrefour.es/supermercado/ajo-carrefour-100-g-carrefour/R-prod210262/p
La despensa,Nuez moscada molida Carrefour 45 g.,"3,69 €","22,00 €/kg",https://www.carrefour.es/supermercado/nuez-moscada-molida-carrefour-45-g-carrefour/R-prod710296/p
La despensa,Yogur líquido tropical sin azúcar añadido Danone Danacol sin gluten pack de 6 unidades de 100 g.,"4,55 €","6,15 €/kg",https://www.carrefour.es/supermercado/yogur-liquido-tropical-sin-azucar-anadido-danone-danacol-sin-gluten-pack-de-6-unidades-de-100-g-danone-danacol/R-521029710/p
La despensa,Filetes de merluza al huevo Pescanova sin gluten 400 g.,"1,31 €","11,37 €/kg",https://www.carrefour.es/supermercado/filetes-de-merluza-al-huevo-pescanova-sin-gluten-400-g-pescanova/R-521031295/p
La despensa,Sardinillas en aceite de oliva Calvo 60 g.,"1,54 €","21,83 €/kg",https://www.carrefour.es/supermercado/sardinillas-en-aceite-de-oliva-calvo-60-g-calvo/R-526539157/p
La despensa,Mejillones en salsa vieira 13/18 Isabel 69 g.,"1,66 €","22,32 €/kg",https://www.carrefour.es/supermercado/mejillones-en-salsa-vieira-13-18-isabel-69-g-isabel/R-526517339/p
La despensa,Yogur líquido de fresa Danone 550 g.,"10,15 €","3,02 €/kg",https://www.carrefour.es/supermercado/yogur-liquido-de-fresa-danone-550-g-danone/R-769008456/p
La despensa,"Café intenso en cápsulas Marcilla compatible con Nespresso 40 unidades de 5,2 g.","1,97 €","48,80 €/kg",https://www.carrefour.es/supermercado/cafe-intenso-en-capsulas-marcilla-compatible-con-nespresso-40-unidades-de-5-2-g-marcilla/R-prod770238/p
La despensa,Anillas a la romana Carrefour 500 g.,"1,34 €","3,94 €/kg",https://www.carrefour.es/supermercado/anillas-a-la-romana-carrefour-500-g-carrefour/R-791634836/p
La despensa,Crema de cacao con avellanas Carrefour sin gluten 400 g.,"1,42 €","3,35 €/kg",https://www.carrefour.es/supermercado/crema-de-cacao-con-avellanas-carrefour-sin-gluten-400-g-carrefour/R-prod731317/p
La despensa,Lenteja pardina categoría extra De Nuestra Tierra 570 g.,"0,90 €","3,55 €/kg",https://www.carrefour.es/supermercado/lenteja-pardina-categoria-extra-de-nuestra-tierra-570-g-de-nuestra-tierra/R-521005503/p
La despensa,Chocolate con leche relleno de oreo Milka 100 g.,"2,00 €","9,00 €/kg",https://www.carrefour.es/supermercado/chocolate-con-leche-relleno-de-oreo-milka-100-g-milka/R-624903444/p
La despensa,Cebolla frita crujiente 150 g,"1,95 €","2,00 €/ud",https://www.carrefour.es/supermercado/cebolla-frita-crujiente-150-g-vegenat/R-608100881/p
La despensa,Caldo para paella Carrefour sin gluten 1 l.,"1,09 €","1,95 €/l",https://www.carrefour.es/supermercado/caldo-para-paella-carrefour-sin-gluten-1-l-carrefour/R-prod630039/p
La despensa,"Petit de plátano, de fresa y de melocotón Danonino sin gluten pack de 6 unidades de 50 g.","1,15 €","3,63 €/kg",https://www.carrefour.es/supermercado/petit-de-platano-de-fresa-y-de-melocoton-danonino-sin-gluten-pack-de-6-unidades-de-50-g-danone-danonino/R-702201849/p
La despensa,Fideos Orientales con pollo Yatekomo Gallina Blanca 60 g.,"2,29 €","19,17 €/kg",https://www.carrefour.es/supermercado/fideos-orientales-con-pollo-yatekomo-gallina-blanca-60-g-gallina-blanca/R-692808524/p
La despensa,Yogur desnatado de coco sin azúcar añadido Danone Vitalinea sin gluten pack de 4 unidades de 120 g.,"1,20 €","2,50 €/kg",https://www.carrefour.es/supermercado/yogur-desnatado-de-coco-sin-azucar-anadido-danone-vitalinea-sin-gluten-pack-de-4-unidades-de-120-g-danone-vitalinea/R-532501785/p
La despensa,Kétchup Hellmann's envase 430 g.,"4,15 €","3,47 €/l",https://www.carrefour.es/supermercado/ketchup-hellmanns-envase-430-g-hellmanns/R-609302206/p
La despensa,Bocados mediterraneo de Heüra sin gluten 160 g.,"0,82 €","25,94 €/kg",https://www.carrefour.es/supermercado/bocados-mediterraneo-de-heura-sin-gluten-160-g/R-VC4AECOMM-436408/p
La despensa,Snack de patata ligera Carrefour 150 g.,"2,10 €","5,47 €/kg",https://www.carrefour.es/supermercado/snack-de-patata-ligera-carrefour-150-g-carrefour/R-521003715/p
La despensa,Mayonesa casera Calvé 600 ml.,"1,50 €","3,50 €/l",https://www.carrefour.es/supermercado/mayonesa-casera-calve-600-ml-calve/R-fprod1280606/p
La despensa,Tortitas de arroz integrales con chocolate Carrefour 130 g.,"0,68 €","11,54 €/kg",https://www.carrefour.es/supermercado/tortitas-de-arroz-integrales-con-chocolate-carrefour-130-g-carrefour/R-602801604/p
La despensa,Sopa de cebolla Knorr 50 g.,"1,80 €","13,60 €/kg",https://www.carrefour.es/supermercado/sopa-de-cebolla-knorr-50-g-knorr/R-648002051/p
La despensa,Caldo casero de carne Gallina Blanca 1 l.,"1,19 €","1,80 €/l",https://www.carrefour.es/supermercado/caldo-casero-de-carne-gallina-blanca-1-l-gallina-blanca/R-689008280/p
La despensa,Galletas con canela Carrefour 470 g.,"1,79 €","2,53 €/kg",https://www.carrefour.es/supermercado/galletas-con-canela-carrefour-470-g-carrefour/R-823818698/p
La despensa,Cereales integrales con chocolate negro Fitness Nestlé 600 g.,"1,06 €","6,33 €/kg",https://www.carrefour.es/supermercado/cereales-integrales-con-chocolate-negro-fitness-nestle-600-g-nestle-fitness/R-703704091/p
La despensa,"Leche entera Celta brik 1,5 l.","0,80 €","0,73 €/l",https://www.carrefour.es/supermercado/leche-entera-celta-brik-1-5-l-celta/R-521006982/p
La despensa,Bebida de almendra Alpro Central Lechera Asturiana brik 1 l.,"1,25 €","1,79 €/l",https://www.carrefour.es/supermercado/bebida-de-almendra-alpro-central-lechera-asturiana-brik-1-l-central-lechera-asturiana/R-698102611/p
La despensa,Harina de avena integral Carrefour 500 g.,"1,94 €","2,12 €/kg",https://www.carrefour.es/supermercado/harina-de-avena-integral-carrefour-500-g/R-fprod1480321/p
La despensa,Maccheroni al huevo Gallo 450 g.,"1,83 €","2,98 €/kg",https://www.carrefour.es/supermercado/maccheroni-al-huevo-gallo-450-g-gallo/R-521005692/p
La despensa,Yogur desnatado con trozos de piña sin azúcar añadido Carrefour pack de 4 unidades de 125 g.,"1,55 €","1,60 €/kg",https://www.carrefour.es/supermercado/yogur-desnatado-con-trozos-de-pina-sin-azucar-anadido-carrefour-pack-de-4-unidades-de-125-g-carrefour/R-579901541/p
La despensa,Nata para cocinar ligera Président 250 ml.,"1,25 €","5,00 €/l",https://www.carrefour.es/supermercado/nata-para-cocinar-ligera-president-250-ml-president/R-521030087/p
La despensa,Garbanzo cocido ecológico Pedro Luis 345 g.,"2,90 €","7,76 €/kg",https://www.carrefour.es/supermercado/garbanzo-cocido-ecologico-pedro-luis-345-g-pedro-luis/R-839702059/p
La despensa,Salsa Boloñesa ideal pasta Gallo sin gluten tarro 400 g.,"2,60 €","4,57 €/kg",https://www.carrefour.es/supermercado/salsa-bolonesa-ideal-pasta-gallo-sin-gluten-tarro-400-g-gallo/R-521005277/p
La despensa,Ketchup cero Prima sin gluten envase 325 g.,"3,55 €","4,77 €/kg",https://www.carrefour.es/supermercado/ketchup-cero-prima-sin-gluten-envase-325-g-prima/R-prod310537/p
La despensa,Yogur griego bicapa de fresa Carrefour pack de 4 unidades de 125 g.,"1,65 €","2,50 €/kg",https://www.carrefour.es/supermercado/yogur-griego-bicapa-de-fresa-carrefour-pack-de-4-unidades-de-125-g-carrefour/R-641302318/p
La despensa,Farfalle Barilla 500 g.,"1,49 €","2,98 €/kg",https://www.carrefour.es/supermercado/farfalle-barilla-500-g-barilla/R-522713676/p
La despensa,Huevos L Carrefour 6 ud.,"0,95 €","1,90 €/docena",https://www.carrefour.es/supermercado/huevos-l-carrefour-6-ud-carrefour/R-527030902/p
La despensa,Bebida de soja Alpro Central Lechera Asturiana brik 1 l.,"1,49 €","1,49 €/l",https://www.carrefour.es/supermercado/bebida-de-soja-alpro-central-lechera-asturiana-brik-1-l-alpro-central-lechera-asturiana/R-521007056/p
La despensa,Maravilla Carrefour 500 g.,"0,51 €","1,02 €/kg",https://www.carrefour.es/supermercado/maravilla-carrefour-500-g-carrefour/R-544101806/p
La despensa,Pimentón dulce De Nuestra Tierra 70 g.,"2,10 €","30,00 €/kg",https://www.carrefour.es/supermercado/pimenton-dulce-de-nuestra-tierra-70-g-de-nuestra-tierra/R-521005008/p
La despensa,Yogur griego con manzana y canela Danone Oikos pack de 2 unidades de 110 g.,"1,27 €","5,05 €/kg",https://www.carrefour.es/supermercado/yogur-griego-con-manzana-y-canela-danone-oikos-pack-de-2-unidades-de-110-g-danone-oikos/R-827614179/p
La despensa,Nueces peladas ecológicas Carrefour Bio 90 g.,"1,13 €","14,11 €/kg",https://www.carrefour.es/supermercado/nueces-peladas-ecologicas-carrefour-bio-90-g-carrefour-bio/R-prod810485/p
La despensa,Crema de verduras de la huerta Carrefour sin gluten 500 ml.,"2,50 €","2,26 €/l",https://www.carrefour.es/supermercado/crema-de-verduras-de-la-huerta-carrefour-sin-gluten-500-ml-carrefour/R-prod1130076/p
La despensa,Garbanzo lechoso categoría extra Carrefour 1 kg.,"2,40 €","2,50 €/kg",https://www.carrefour.es/supermercado/garbanzo-lechoso-categoria-extra-carrefour-1-kg-carrefour/R-635701946/p
La despensa,Mostaza a la antigua Maille tarro 210 g.,"3,17 €","11,43 €/kg",https://www.carrefour.es/supermercado/mostaza-a-la-antigua-maille-tarro-210-g-maille/R-521029221/p
La despensa,Pizza de jamón y champiñones fina y crujiente Forno Di Pietra Buitoni 350 g.,"2,75 €","9,06 €/kg",https://www.carrefour.es/supermercado/pizza-de-jamon-y-champinones-fina-y-crujiente-forno-di-pietra-buitoni-350-g-buitoni/R-800766406/p
La despensa,Cereales integrales con miel Estrellitas Nestlé 450 g.,"1,13 €","6,11 €/kg",https://www.carrefour.es/supermercado/cereales-integrales-con-miel-estrellitas-nestle-450-g-nestle/R-618404810/p
La despensa,Nachos sabor queso Carrefour 200 g.,"4,15 €","5,65 €/kg",https://www.carrefour.es/supermercado/nachos-sabor-queso-carrefour-200-g-carrefour/R-521006883/p
La despensa,Bocados originales de Heüra sin gluten 160 g.,"0,86 €","25,94 €/kg",https://www.carrefour.es/supermercado/bocados-originales-de-heura-sin-gluten-160-g/R-VC4AECOMM-436407/p
La despensa,Mostaza Orlando envase 290 g.,"1,82 €","2,87 €/kg",https://www.carrefour.es/supermercado/mostaza-orlando-envase-290-g-orlando/R-520661029/p
La despensa,Pizza de peperoni ahumado Carrefour 320 g.,"2,39 €","5,69 €/kg",https://www.carrefour.es/supermercado/pizza-de-peperoni-ahumado-carrefour-320-g-carrefour/R-prod600096/p
La despensa,Ajo granulado Carrefour 350 g.,"1,24 €","6,83 €/kg",https://www.carrefour.es/supermercado/ajo-granulado-carrefour-350-g-carrefour/R-prod710299/p
La despensa,Ciruelas sin hueso Carrefour 200 g.,"1,66 €","6,20 €/kg",https://www.carrefour.es/supermercado/ciruelas-sin-hueso-carrefour-200-g-carrefour/R-521008609/p
La despensa,Pennette rigate integral Barilla 500 g.,"2,90 €","3,32 €/kg",https://www.carrefour.es/supermercado/pennette-rigate-integral-barilla-500-g-barilla/R-728216199/p
La despensa,Tortellinide jamón y queso Rana 250 g.,"1,32 €","11,60 €/kg",https://www.carrefour.es/supermercado/tortellinide-jamon-y-queso-rana-250-g-rana/R-788191986/p
La despensa,"Leche semidesnatada fresca Carrefour botella 1,5 l.","2,99 €","0,88 €/l",https://www.carrefour.es/supermercado/leche-semidesnatada-fresca-carrefour-botella-1-5-l-carrefour/R-766803941/p
La despensa,"Yogur líquido con granada, arándanos y extracto de maca L.Casei Danone Actimel pack de 6 unidades de 100 g.","1,99 €","4,98 €/kg",https://www.carrefour.es/supermercado/yogur-liquido-con-granada-arandanos-y-extracto-de-maca-lcasei-danone-actimel-pack-de-6-unidades-de-100-g-danone-actimel/R-prod880847/p
La despensa,Mermelada de frambuesa La Vieja Fábrica 350 g.,"1,53 €","5,69 €/kg",https://www.carrefour.es/supermercado/mermelada-de-frambuesa-la-vieja-fabrica-350-g-la-vieja-fabrica/R-522713746/p
La despensa,"Cacao soluble original Cola Cao 2,7 kg.","12,00 €","4,44 €/kg",https://www.carrefour.es/supermercado/cacao-soluble-original-cola-cao-2-7-kg-cola-cao/R-530014255/p
La despensa,Sofrito de tomate y cebolla Gallina Blanca tarro 350 g.,"1,72 €","4,91 €/kg",https://www.carrefour.es/supermercado/sofrito-de-tomate-y-cebolla-gallina-blanca-tarro-350-g-gallina-blanca/R-526510653/p
La despensa,Corazones de palmito Carrefour 250 g.,"2,39 €","9,56 €/kg",https://www.carrefour.es/supermercado/corazones-de-palmito-carrefour-250-g-carrefour/R-fprod1270223/p
La despensa,Mayonesa Hellmann's tarro 825 ml.,"2,55 €","3,09 €/l",https://www.carrefour.es/supermercado/mayonesa-hellmanns-tarro-825-ml-hellmanns/R-752501121/p
La despensa,Leche entera Pascual sin lactosa brik 1 l.,"0,99 €","0,99 €/l",https://www.carrefour.es/supermercado/leche-entera-pascual-sin-lactosa-brik-1-l-pascual/R-666301781/p
La despensa,Cóctel frutos secos sin sal Carrefour tarrina 150 g,"2,25 €","15,00 €/kg",https://www.carrefour.es/supermercado/coctel-frutos-secos-sin-sal-carrefour-tarrina-150-g-carrefour/R-prod1070728/p
La despensa,Tallarines Carrefour 500 g.,"0,42 €","0,84 €/kg",https://www.carrefour.es/supermercado/tallarines-carrefour-500-g-carrefour/R-544101808/p
La despensa,Vinagre de vino blanco Procer 1 l.,"1,06 €","1,06 €/l",https://www.carrefour.es/supermercado/vinagre-de-vino-blanco-procer-1-l-procer/R-540201682/p
La despensa,Mermelada de arándano La Vieja Fábrica 350 g.,"2,00 €","7,02 €/kg",https://www.carrefour.es/supermercado/mermelada-de-arandano-la-vieja-fabrica-350-g-la-vieja-fabrica/R-713621834/p
La despensa,Pizza 4 quesos Campofrío 360 g.,"1,20 €","6,03 €/kg",https://www.carrefour.es/supermercado/pizza-4-quesos-campofrio-360-g-campofrio/R-521033046/p
La despensa,Café molido natural descafeinado Carrefour 250 g.,"2,10 €","4,80 €/kg",https://www.carrefour.es/supermercado/cafe-molido-natural-descafeinado-carrefour-250-g-carrefour/R-521003002/p
La despensa,Aceite de oliva virgen extra ecológico Carrefour Bio 500 ml.,"2,39 €","5,40 €/l",https://www.carrefour.es/supermercado/aceite-de-oliva-virgen-extra-ecologico-carrefour-bio-500-ml-carrefour-bio/R-520660281/p
La despensa,Pipas G saladas Grefusa-Pipas 300 g.,"2,15 €","7,00 €/kg",https://www.carrefour.es/supermercado/pipas-g-saladas-grefusa-pipas-300-g-grefusa-pipas-g/R-780049003/p
La despensa,Tomate seco ecológico en aceite de oliva Emperatriz 155 g.,"2,09 €","29,87 €/kg",https://www.carrefour.es/supermercado/tomate-seco-ecologico-en-aceite-de-oliva-emperatriz-155-g-emperatriz/R-783800466/p
La despensa,Galletas maría 0% azúcares Dorada Marbú 400 g.,"2,19 €","5,37 €/kg",https://www.carrefour.es/supermercado/galletas-maria-0-azucares-dorada-marbu-400-g-marbu/R-546306294/p
La despensa,Arroz largo La Cigala 1 kg.,"2,19 €","1,29 €/kg",https://www.carrefour.es/supermercado/arroz-largo-la-cigala-1-kg-la-cigala/R-521005530/p
La despensa,Pipas Supremas Facundo sin gluten 120 g.,"0,99 €","17,42 €/kg",https://www.carrefour.es/supermercado/pipas-supremas-facundo-sin-gluten-120-g-facundo/R-546306236/p
La despensa,Yogur bífidus con frutos del bosque Danone Activia pack de 4 unidades de 120 g.,"4,50 €","4,56 €/kg",https://www.carrefour.es/supermercado/yogur-bifidus-con-frutos-del-bosque-danone-activia-pack-de-4-unidades-de-120-g-danone-activia/R-521029568/p
La despensa,Yogur bífidus desnatado con piña Danone Activia pack de 4 unidades de 120 g.,"2,05 €","4,56 €/kg",https://www.carrefour.es/supermercado/yogur-bifidus-desnatado-con-pina-danone-activia-pack-de-4-unidades-de-120-g-danone-activia/R-521029612/p
La despensa,Tomate frito con aceite de oliva virgen extra Carrefour tarro 550 g.,"2,39 €","1,80 €/kg",https://www.carrefour.es/supermercado/tomate-frito-con-aceite-de-oliva-virgen-extra-carrefour-tarro-550-g-carrefour/R-prod730720/p
La despensa,Galletas María Fontaneda 1800 g.,"2,10 €","2,50 €/kg",https://www.carrefour.es/supermercado/galletas-maria-fontaneda-1800-g-fontaneda/R-521002672/p
Bebidas,Coca Cola light lata 33 cl.,"0,75 €","2,27 €/l",https://www.carrefour.es/supermercado/coca-cola-light-lata-33-cl-coca-cola/R-520660521/p
Bebidas,Coca Cola zero azúcar pack 24 latas 33 cl.,"17,04 €","2,15 €/l",https://www.carrefour.es/supermercado/coca-cola-zero-azucar-pack-24-latas-33-cl-coca-cola/R-521028147/p
Bebidas,"Agua mineral Font Vella 6,25 l.","2,00 €","0,32 €/l",https://www.carrefour.es/supermercado/agua-mineral-font-vella-6-25-l-font-vella/R-531705055/p
Bebidas,Agua mineral Fuente Primavera natural 5 l.,"0,46 €","0,09 €/l",https://www.carrefour.es/supermercado/agua-mineral-fuente-primavera-natural-5-l-fuente-primavera/R-530014537/p
Bebidas,"Agua mineral Fuente Primavera natural 1,5 l.","0,21 €","0,14 €/l",https://www.carrefour.es/supermercado/agua-mineral-fuente-primavera-natural-1-5-l-fuente-primavera/R-695701669/p
Bebidas,Agua mineral Aquarel natural 33 cl.,"0,38 €","1,15 €/l",https://www.carrefour.es/supermercado/agua-mineral-aquarel-natural-33-cl-aquarel/R-521028175/p
Bebidas,Agua mineral Bezoya natural 5 l.,"1,58 €","0,32 €/l",https://www.carrefour.es/supermercado/agua-mineral-bezoya-natural-5-l-bezoya/R-546102598/p
Bebidas,Cerveza Estrella Galicia especial pack de 24 botellas de 25 cl.,"11,60 €","1,93 €/l",https://www.carrefour.es/supermercado/cerveza-estrella-galicia-especial-pack-de-24-botellas-de-25-cl-estrella-galicia/R-590211645/p
Bebidas,Coca Cola pack 24 latas 33 cl.,"17,04 €","2,15 €/l",https://www.carrefour.es/supermercado/coca-cola-pack-24-latas-33-cl-coca-cola/R-521028127/p
Bebidas,Coca Cola zero azúcar pack 12 latas 33 cl.,"8,76 €","2,21 €/l",https://www.carrefour.es/supermercado/coca-cola-zero-azucar-pack-12-latas-33-cl-coca-cola/R-530014641/p
Bebidas,"Agua mineral Solán de Cabras natural 1,5 l.","0,72 €","0,48 €/l",https://www.carrefour.es/supermercado/agua-mineral-solan-de-cabras-natural-1-5-l-solan-de-cabras/R-520661064/p
Bebidas,"Agua mineral Font Vella 1,5 l.","0,60 €","0,40 €/l",https://www.carrefour.es/supermercado/agua-mineral-font-vella-1-5-l-font-vella/R-520661054/p
Bebidas,Coca Cola pack 12 latas 33 cl.,"8,76 €","2,21 €/l",https://www.carrefour.es/supermercado/coca-cola-pack-12-latas-33-cl-coca-cola/R-530014303/p
Bebidas,Coca Cola zero azúcar zero cafeina pack 4 botellas 2 l.,"5,96 €","0,74 €/l",https://www.carrefour.es/supermercado/coca-cola-zero-azucar-zero-cafeina-pack-4-botellas-2-l-coca-cola/R-prod420048/p
Bebidas,Zumo de naranja Carrefour brik 1 l.,"0,99 €","0,99 €/l",https://www.carrefour.es/supermercado/zumo-de-naranja-carrefour-brik-1-l-carrefour/R-745415924/p
Bebidas,Cerveza especial Estrella Galicia pack 10 latas 33 cl.,"6,41 €","1,94 €/l",https://www.carrefour.es/supermercado/cerveza-especial-estrella-galicia-pack-10-latas-33-cl-estrella-galicia/R-538002290/p
Bebidas,Cerveza Mahou Clásica pack de 28 latas de 33 cl.,"15,40 €","1,67 €/l",https://www.carrefour.es/supermercado/cerveza-mahou-clasica-pack-de-28-latas-de-33-cl-mahou-clasica/R-520661321/p
Bebidas,Cerveza Mahou Clásica pack de 12 latas de 33 cl.,"8,76 €","1,70 €/l",https://www.carrefour.es/supermercado/cerveza-mahou-clasica-pack-de-12-latas-de-33-cl-mahou-clasica/R-521013428/p
Bebidas,Coca Cola zero azúcar zero cafeína pack 12 latas 33 cl.,"0,62 €","2,21 €/l",https://www.carrefour.es/supermercado/coca-cola-zero-azucar-zero-cafeina-pack-12-latas-33-cl-coca-cola/R-803403674/p
Bebidas,"Agua mineral Lanjarón 1,5 l.","0,87 €","0,41 €/l",https://www.carrefour.es/supermercado/agua-mineral-lanjaron-1-5-l-lanjaron/R-520661060/p
Bebidas,"Zumo de melocotón, manzana y uva Carrefour pack de 6 briks de 20 cl.","0,44 €","0,72 €/l",https://www.carrefour.es/supermercado/zumo-de-melocoton-manzana-y-uva-carrefour-pack-de-6-briks-de-20-cl-carrefour/R-621101713/p
Bebidas,Agua mineral Font Vella natural personajes 33 cl.,"0,25 €","1,33 €/l",https://www.carrefour.es/supermercado/agua-mineral-font-vella-natural-personajes-33-cl-font-vella/R-520661023/p
Bebidas,Cerveza Carrefour Holandesa lata 33 cl.,"0,80 €","0,76 €/l",https://www.carrefour.es/supermercado/cerveza-carrefour-holandesa-lata-33-cl-carrefour/R-520661340/p
Bebidas,Fanta de naranja pack 9 latas de 33 cl.,"4,77 €","1,61 €/l",https://www.carrefour.es/supermercado/fanta-de-naranja-pack-9-latas-de-33-cl-fanta/R-664810926/p
Bebidas,Vino Carrefour blanco Carrefour brik 1 l.,"0,72 €","0,72 €/l",https://www.carrefour.es/supermercado/vino-carrefour-blanco-carrefour-brik-1-l-carrefour/R-prod880829/p
Bebidas,Agua mineral Aquarel 5 l.,"1,19 €","0,24 €/l",https://www.carrefour.es/supermercado/agua-mineral-aquarel-5-l-aquarel/R-521028190/p
Bebidas,Cerveza Mahou 5 Estrellas especial pack de 12 latas de 33 cl.,"8,16 €","2,06 €/l",https://www.carrefour.es/supermercado/cerveza-mahou-5-estrellas-especial-pack-de-12-latas-de-33-cl-mahou-5-estrellas/R-521013498/p
Bebidas,"Cerveza Mahou 0,0 sin alcohol tostada pack de 12 latas de 33 cl.","7,62 €","1,92 €/l",https://www.carrefour.es/supermercado/cerveza-mahou-0-0-sin-alcohol-tostada-pack-de-12-latas-de-33-cl-mahou/R-prod1060211/p
Bebidas,Cerveza Mahou 5 Estrellas especial pack de 28 latas de 33 cl.,"16,55 €","1,79 €/l",https://www.carrefour.es/supermercado/cerveza-mahou-5-estrellas-especial-pack-de-28-latas-de-33-cl-mahou-5-estrellas/R-520661305/p
Bebidas,Zumo de naranja Carrefour con pulpa brik 1 l.,"0,99 €","0,99 €/l",https://www.carrefour.es/supermercado/zumo-de-naranja-carrefour-con-pulpa-brik-1-l-carrefour/R-823705656/p
Bebidas,Coca Cola zero azúcar lata 33 cl.,"0,75 €","2,27 €/l",https://www.carrefour.es/supermercado/coca-cola-zero-azucar-lata-33-cl-coca-cola/R-520660495/p
Bebidas,"Agua mineral Lanjarón 6,25 l.","1,99 €","0,32 €/l",https://www.carrefour.es/supermercado/agua-mineral-lanjaron-6-25-l-lanjaron/R-632901988/p
Bebidas,"Agua mineral con gas Carrefour natural 1,25 l.","0,26 €","0,21 €/l",https://www.carrefour.es/supermercado/agua-mineral-con-gas-carrefour-natural-1-25-l-carrefour/R-530014489/p
Bebidas,Coca Cola lata 33 cl.,"0,75 €","2,27 €/l",https://www.carrefour.es/supermercado/coca-cola-lata-33-cl-coca-cola/R-520660459/p
Bebidas,Cerveza Alhambra Reserva 1925 pack de 12 botellas de 33 cl.,"13,03 €","3,29 €/l",https://www.carrefour.es/supermercado/cerveza-alhambra-reserva-1925-pack-de-12-botellas-de-33-cl-alhambra/R-521028210/p
Bebidas,Agua mineral Carrefour natural 2 l.,"0,35 €","0,17 €/l",https://www.carrefour.es/supermercado/agua-mineral-carrefour-natural-2-l-carrefour/R-520661068/p
Bebidas,Zumo de fruta y leche Carrefour Tropical pack de 6 briks de 20 cl.,"0,76 €","0,63 €/l",https://www.carrefour.es/supermercado/zumo-de-fruta-y-leche-carrefour-tropical-pack-de-6-briks-de-20-cl-carrefour/R-801332637/p
Bebidas,Agua mineral Aquabona 5 l.,"6,72 €","0,19 €/l",https://www.carrefour.es/supermercado/agua-mineral-aquabona-5-l-aquabona/R-526530186/p
Bebidas,Cerveza Alhambra tradicional pack de 12 latas de 33 cl.,"2,64 €","1,70 €/l",https://www.carrefour.es/supermercado/cerveza-alhambra-tradicional-pack-de-12-latas-de-33-cl-alhambra/R-590214233/p
Bebidas,"Coca Cola zero azúcar pack 2 botellas 1,25 l.","0,72 €","1,06 €/l",https://www.carrefour.es/supermercado/coca-cola-zero-azucar-pack-2-botellas-1-25-l/R-VC4AECOMM-510805/p
Bebidas,Cerveza 1906 reserva especial lata 33 cl.,"10,02 €","2,18 €/l",https://www.carrefour.es/supermercado/cerveza-1906-reserva-especial-lata-33-cl-1906/R-538002302/p
Bebidas,Coca Cola pack 6 botellas 2 l.,"0,59 €","0,83 €/l",https://www.carrefour.es/supermercado/coca-cola-pack-6-botellas-2-l-coca-cola/R-521028135/p
Bebidas,Zumo de manzana Carrefour brik 1 l.,"0,28 €","0,59 €/l",https://www.carrefour.es/supermercado/zumo-de-manzana-carrefour-brik-1-l-carrefour/R-820614218/p
Bebidas,"Gaseosa Carrefour con edulcorantes botella 1,5 l.","3,10 €","0,19 €/l",https://www.carrefour.es/supermercado/gaseosa-carrefour-con-edulcorantes-botella-1-5-l-carrefour/R-520660422/p
Bebidas,"Agua mineral Font Vella pack 2 garrafas 6,25 l.","1,72 €","0,25 €/l",https://www.carrefour.es/supermercado/agua-mineral-font-vella-pack-2-garrafas-6-25-l/R-VC4AECOMM-578677/p
Bebidas,Aquarius sabor limón zero botella 1.5 l.,"0,75 €","1,15 €/l",https://www.carrefour.es/supermercado/aquarius-sabor-limon-zero-botella-15-l-aquarius/R-546003741/p
Bebidas,Bebida de piña Carrefour sin azúcar añadido brik 1 l.,"0,63 €","0,59 €/l",https://www.carrefour.es/supermercado/bebida-de-pina-carrefour-sin-azucar-anadido-brik-1-l-carrefour/R-prod730839/p
Bebidas,Zumo tropical Carrefour sin azúcar añadido brik 1 l.,"17,04 €","0,63 €/l",https://www.carrefour.es/supermercado/zumo-tropical-carrefour-sin-azucar-anadido-brik-1-l-carrefour/R-prod730838/p
Bebidas,Coca Cola light pack 24 latas 33 cl.,"1,06 €","2,15 €/l",https://www.carrefour.es/supermercado/coca-cola-light-pack-24-latas-33-cl-coca-cola/R-521028141/p
Bebidas,Vino blanco Carrefour pack de 3 briks de 20 cl.,"8,50 €","1,77 €/l",https://www.carrefour.es/supermercado/vino-blanco-carrefour-pack-de-3-briks-de-20-cl-carrefour/R-546003439/p
Bebidas,Cerveza Carrefour Especial pack de 12 latas de 33 cl.,"3,18 €","0,73 €/l",https://www.carrefour.es/supermercado/cerveza-carrefour-especial-pack-de-12-latas-de-33-cl-carrefour/R-fprod1230035/p
Bebidas,Cerveza Estrella Galicia especial pack 20 botellas 20 cl.,"1,18 €","2,12 €/l",https://www.carrefour.es/supermercado/cerveza-estrella-galicia-especial-pack-20-botellas-20-cl-estrella-galicia/R-717314084/p
Bebidas,Fanta de naranja zero azúcares añadidos pack 6 latas 33 cl.,"2,64 €","1,61 €/l",https://www.carrefour.es/supermercado/fanta-de-naranja-zero-azucares-anadidos-pack-6-latas-33-cl-fanta/R-769403223/p
Bebidas,Agua mineral con gas Vichy Catalán natural 1 l.,"2,82 €","1,18 €/l",https://www.carrefour.es/supermercado/agua-mineral-con-gas-vichy-catalan-natural-1-l-vichy-catalan/R-520661112/p
Bebidas,"Coca Cola pack 2 botellas 1,25 L.","2,80 €","1,06 €/l",https://www.carrefour.es/supermercado/coca-cola-pack-2-botellas-1-25-l/R-VC4AECOMM-510803/p
Bebidas,Refresco de naranja Fanta con gas pack de 2 botellas de 2 l.,"0,80 €","0,70 €/l",https://www.carrefour.es/supermercado/refresco-de-naranja-fanta-con-gas-pack-de-2-botellas-de-2-l-fanta/R-520660539/p
Bebidas,Vino D.O. Rueda blanco verdejo Dama del Lago 75 cl.,"0,69 €","2,80 €/ud",https://www.carrefour.es/supermercado/vino-do-rueda-blanco-verdejo-dama-del-lago-75-cl-dama-del-lago/R-715201942/p
Bebidas,Zumo de frutas y leche Carrefour sabor mediterráneo pack de 6 briks de 20 cl.,"11,42 €","0,67 €/l",https://www.carrefour.es/supermercado/zumo-de-frutas-y-leche-carrefour-sabor-mediterraneo-pack-de-6-briks-de-20-cl-carrefour/R-799397852/p
Bebidas,Zumo de naranja y mandarina Carrefour brik 1 l.,"0,79 €","0,69 €/l",https://www.carrefour.es/supermercado/zumo-de-naranja-y-mandarina-carrefour-brik-1-l-carrefour/R-641202243/p
Bebidas,Cerveza Heineken Lager pack de 18 latas de 33 cl.,"0,57 €","1,92 €/l",https://www.carrefour.es/supermercado/cerveza-heineken-lager-pack-de-18-latas-de-33-cl-heineken/R-725713177/p
Bebidas,Tónica Schweppes lata 33 cl.,"6,85 €","2,39 €/l",https://www.carrefour.es/supermercado/tonica-schweppes-lata-33-cl-schweppes/R-521011212/p
Bebidas,Vino D.O. Rioja tinto crianza Carrizal 75 cl.,"0,26 €","4,20 €/ud",https://www.carrefour.es/supermercado/vino-do-rioja-tinto-crianza-carrizal-75-cl-carrizal/R-783315140/p
Bebidas,Fanta de limón zero azúcares añadidos lata 33 cl.,"10,02 €","1,73 €/l",https://www.carrefour.es/supermercado/fanta-de-limon-zero-azucares-anadidos-lata-33-cl-fanta/R-520660602/p
Bebidas,Cerveza Mahou 5 Estrellas especial pack de 12 botellas de 25 cl.,"6,76 €","2,28 €/l",https://www.carrefour.es/supermercado/cerveza-mahou-5-estrellas-especial-pack-de-12-botellas-de-25-cl-mahou-5-estrellas/R-521028259/p
Bebidas,Agua mineral Carrefour natural 50 cl.,"3,90 €","0,52 €/l",https://www.carrefour.es/supermercado/agua-mineral-carrefour-natural-50-cl-carrefour/R-520661025/p
Bebidas,Coca Cola zero azúcar pack 6 botellas 2 l.,"0,61 €","0,83 €/l",https://www.carrefour.es/supermercado/coca-cola-zero-azucar-pack-6-botellas-2-l-coca-cola/R-prod830100/p
Bebidas,Coca Cola pack de 2 botellas de 2 l.,"3,44 €","0,86 €/l",https://www.carrefour.es/supermercado/coca-cola-pack-de-2-botellas-de-2-l-coca-cola/R-521033382/p
Bebidas,Zumo de naranja Don Simón sin pulpa brik 1 l.,"1,80 €","1,80 €/l",https://www.carrefour.es/supermercado/zumo-de-naranja-don-simon-sin-pulpa-brik-1-l-don-simon/R-521015668/p
Bebidas,Agua mineral Primavera natural 50 cl.,"0,15 €","0,30 €/l",https://www.carrefour.es/supermercado/agua-mineral-primavera-natural-50-cl-primavera/R-731386916/p
Bebidas,Coca Cola pack 6 latas 20 cl.,"3,30 €","2,75 €/l",https://www.carrefour.es/supermercado/coca-cola-pack-6-latas-20-cl/R-VC4AECOMM-436077/p
Bebidas,Pepsi Max Zero pack de 12 latas de 33 cl.,"6,50 €","1,64 €/l",https://www.carrefour.es/supermercado/pepsi-max-zero-pack-de-12-latas-de-33-cl/R-VC4AECOMM-471342/p
Bebidas,Cerveza rubia Amstel 100% malta pack de 12 latas de 33 cl.,"6,58 €","1,66 €/l",https://www.carrefour.es/supermercado/cerveza-rubia-amstel-100-malta-pack-de-12-latas-de-33-cl-amstel/R-520661326/p
Bebidas,"Agua mineral Carrefour natural 1,5 l.","0,24 €","0,16 €/l",https://www.carrefour.es/supermercado/agua-mineral-carrefour-natural-1-5-l-carrefour/R-520661062/p
Bebidas,Zumo tropical Bifturas pack de 9 briks de 20 cl.,"3,22 €","1,79 €/l",https://www.carrefour.es/supermercado/zumo-tropical-bifturas-pack-de-9-briks-de-20-cl-bifrutas/R-prod73637/p
Bebidas,Coca Cola zero azúcar sin cafeína pack 2 botellas 2 l.,"3,44 €","0,86 €/l",https://www.carrefour.es/supermercado/coca-cola-zero-azucar-sin-cafeina-pack-2-botellas-2-l-coca-cola/R-811813944/p
Bebidas,Zumo de manzana Carrefour pack de 6 briks de 20 cl.,"1,05 €","0,88 €/l",https://www.carrefour.es/supermercado/zumo-de-manzana-carrefour-pack-de-6-briks-de-20-cl-carrefour/R-704502395/p
Bebidas,Zumo de piña Juver-Disfruta sin azúcar añadido pack de 6 briks de 20 cl.,"2,33 €","1,94 €/l",https://www.carrefour.es/supermercado/zumo-de-pina-juver-disfruta-sin-azucar-anadido-pack-de-6-briks-de-20-cl-juver-disfruta/R-520660856/p
Bebidas,"Agua mineral Aquabona 1,5 l.","0,42 €","0,28 €/l",https://www.carrefour.es/supermercado/agua-mineral-aquabona-1-5-l-aquabona/R-520661066/p
Bebidas,"Aquarius sabor limón pack 4 botellas 1,5 l.","6,44 €","1,07 €/l",https://www.carrefour.es/supermercado/aquarius-sabor-limon-pack-4-botellas-1-5-l-aquarius/R-526591745/p
Bebidas,Cerveza 1906 reserva especial pack 12 botellas 33 cl.,"11,47 €","2,90 €/l",https://www.carrefour.es/supermercado/cerveza-1906-reserva-especial-pack-12-botellas-33-cl-1906/R-762603515/p
Bebidas,Refresco de cola Pepsi Max zero pack de 2 botellas de 2 l.,"2,75 €","0,69 €/l",https://www.carrefour.es/supermercado/refresco-de-cola-pepsi-max-zero-pack-de-2-botellas-de-2-l-pepsi/R-808725958/p
Bebidas,Agua mineral Carrefour natural 5 l.,"0,54 €","0,11 €/l",https://www.carrefour.es/supermercado/agua-mineral-carrefour-natural-5-l-carrefour/R-521028194/p
Bebidas,Fanta de naranja zero azúcares añadidos pack 2 botellas 2 l.,"2,82 €","0,70 €/l",https://www.carrefour.es/supermercado/fanta-de-naranja-zero-azucares-anadidos-pack-2-botellas-2-l-fanta/R-803482697/p
Bebidas,Bebida Isotónica Aquarius sabor limón pack de 9 latas de 33 cl.,"6,66 €","2,24 €/l",https://www.carrefour.es/supermercado/bebida-isotonica-aquarius-sabor-limon-pack-de-9-latas-de-33-cl-aquarius/R-663801809/p
Bebidas,Coca Cola zero azúcar pack 2 botellas 2 l.,"3,44 €","0,86 €/l",https://www.carrefour.es/supermercado/coca-cola-zero-azucar-pack-2-botellas-2-l-coca-cola/R-732111884/p
Bebidas,Fanta de limón pack 9 latas de 33 cl.,"4,86 €","1,64 €/l",https://www.carrefour.es/supermercado/fanta-de-limon-pack-9-latas-de-33-cl-fanta/R-678501899/p
Bebidas,Zumo de naranja y mandarina Carrefour pack de 6 briks de 20 cl.,"1,12 €","0,93 €/l",https://www.carrefour.es/supermercado/zumo-de-naranja-y-mandarina-carrefour-pack-de-6-briks-de-20-cl-carrefour/R-641202245/p
Bebidas,"Bebida Isotónica Aquarius sabor limón pack de 2 botellas de 1,5 l.","3,32 €","1,11 €/l",https://www.carrefour.es/supermercado/bebida-isotonica-aquarius-sabor-limon-pack-de-2-botellas-de-1-5-l-aquarius/R-789915234/p
Bebidas,Cerveza Alhambra Reserva 1925 pack de 6 botellas de 33 cl.,"6,74 €","3,40 €/l",https://www.carrefour.es/supermercado/cerveza-alhambra-reserva-1925-pack-de-6-botellas-de-33-cl-alhambra/R-526715428/p
Bebidas,Cerveza San Miguel especial Lager pack de 28 latas de 33 cl.,"14,95 €","1,62 €/l",https://www.carrefour.es/supermercado/cerveza-san-miguel-especial-lager-pack-de-28-latas-de-33-cl-san-miguel/R-526517627/p
Bebidas,Vino tinto crianza tempranillo Dehesas del Rey D.O. Ribera del Duero 75 cl.,"1,38 €","6,50 €/ud",https://www.carrefour.es/supermercado/vino-tinto-crianza-tempranillo-dehesas-del-rey-do-ribera-del-duero-75-cl-dehesas-del-rey/R-700507589/p
Bebidas,"Coca Cola zero azúcar zero cafeína botella 1,25 l.","1,91 €","1,10 €/l",https://www.carrefour.es/supermercado/coca-cola-zero-azucar-zero-cafeina-botella-1-25-l-coca-cola/R-prod280207/p
Bebidas,Zumo tropical zero sin azúcar añadido Bifrutas sin gluten pack de 6 briks de 200 ml.,"0,85 €","1,59 €/l",https://www.carrefour.es/supermercado/zumo-tropical-zero-sin-azucar-anadido-bifrutas-sin-gluten-pack-de-6-briks-de-200-ml-bifrutas/R-820613954/p
Bebidas,Vino tinto crianza Bardesano D.O.Ca. Rioja 75 cl.,"1,16 €","4,20 €/ud",https://www.carrefour.es/supermercado/vino-tinto-crianza-bardesano-doca-rioja-75-cl-bardesano/R-702506805/p
Bebidas,Agua mineral Carrefour natural 8 l.,"7,25 €","0,11 €/l",https://www.carrefour.es/supermercado/agua-mineral-carrefour-natural-8-l-carrefour/R-521009490/p
Bebidas,Agua mineral con gas San Pellegrino 1 l.,"9,45 €","1,16 €/l",https://www.carrefour.es/supermercado/agua-mineral-con-gas-san-pellegrino-1-l-san-pellegrino/R-546307310/p
Bebidas,Cerveza Amstel Radler con limón pack de 12 latas de 33 cl.,"1,38 €","1,83 €/l",https://www.carrefour.es/supermercado/cerveza-amstel-radler-con-limon-pack-de-12-latas-de-33-cl-amstel-radler/R-824405643/p
Bebidas,Cerveza Cruzcampo Pilsen pack de 24 botellas de 25 cl.,"1,80 €","1,57 €/l",https://www.carrefour.es/supermercado/cerveza-cruzcampo-pilsen-pack-de-24-botellas-de-25-cl-cruzcampo/R-521028271/p
Bebidas,Vino D.O. Rioja tinto crianza Gran Vendema 75 cl.,"0,82 €","4,20 €/ud",https://www.carrefour.es/supermercado/vino-do-rioja-tinto-crianza-gran-vendema-75-cl-gran-vendema/R-631307115/p
Bebidas,"Coca Cola botella 1,25 l.","5,92 €","1,10 €/l",https://www.carrefour.es/supermercado/coca-cola-botella-1-25-l-coca-cola/R-521014651/p
Bebidas,Zumo de naranja Don Simón exprimido con pulpa brik 1 l.,"1,72 €","1,80 €/l",https://www.carrefour.es/supermercado/zumo-de-naranja-don-simon-exprimido-con-pulpa-brik-1-l-don-simon/R-520660822/p
Bebidas,Cerveza Mahou Clásica lata 50 cl.,"1,67 €","1,64 €/l",https://www.carrefour.es/supermercado/cerveza-mahou-clasica-lata-50-cl-mahou-clasica/R-520661336/p
Bebidas,Cerveza Estrella Damm mediterránea pack de 12 botellas de 25 cl.,"9,09 €","1,97 €/l",https://www.carrefour.es/supermercado/cerveza-estrella-damm-mediterranea-pack-de-12-botellas-de-25-cl-estrella-damm/R-521028261/p
Bebidas,"Bebida Isotónica Aquarius zero sabor naranja botella 1,5 l.","0,61 €","1,15 €/l",https://www.carrefour.es/supermercado/bebida-isotonica-aquarius-zero-sabor-naranja-botella-1-5-l-aquarius/R-546003745/p
Bebidas,Zumo de piña Carrefour exprimido brik 1 l.,"1,67 €","1,67 €/l",https://www.carrefour.es/supermercado/zumo-de-pina-carrefour-exprimido-brik-1-l-carrefour/R-742811427/p
Bebidas,Cerveza Voll Damm doble malta pack de 12 latas de 33 cl.,"0,56 €","2,30 €/l",https://www.carrefour.es/supermercado/cerveza-voll-damm-doble-malta-pack-de-12-latas-de-33-cl-voll-damm/R-521028212/p
Bebidas,Bebida de naranja Carrefour sin azúcar añadido brik 1 l.,"0,75 €","0,61 €/l",https://www.carrefour.es/supermercado/bebida-de-naranja-carrefour-sin-azucar-anadido-brik-1-l-carrefour/R-prod730837/p
Bebidas,"Nestea de limón botella 1,5 l.","0,50 €","1,11 €/l",https://www.carrefour.es/supermercado/nestea-de-limon-botella-1-5-l-nestea/R-530380941/p
Bebidas,Fanta de naranja zero azúcares añadidos lata 33 cl.,"1,45 €","1,70 €/l",https://www.carrefour.es/supermercado/fanta-de-naranja-zero-azucares-anadidos-lata-33-cl-fanta/R-520660600/p
Bebidas,Zumo de piña Carrefour brik 1 l.,"0,53 €","0,75 €/l",https://www.carrefour.es/supermercado/zumo-de-pina-carrefour-brik-1-l-carrefour/R-prod810661/p
Bebidas,Tónica Schweppes Original pack 12 latas 25 cl.,"7,94 €","2,65 €/l",https://www.carrefour.es/supermercado/tonica-schweppes-original-pack-12-latas-25-cl-schweppes/R-832342911/p
Bebidas,"Agua mineral Aquabona 2,5 l.","0,77 €","0,31 €/l",https://www.carrefour.es/supermercado/agua-mineral-aquabona-2-5-l-aquabona/R-546003743/p
Bebidas,Sidra El Gaitero achampanada 75 cl,"1,90 €","2,53 €/l",https://www.carrefour.es/supermercado/sidra-el-gaitero-achampanada-75-cl/R-VC4AECOMM-424243/p
Bebidas,"Cerveza Mahou 0,0 sin alcohol tostada lata 33 cl.","0,64 €","1,94 €/l",https://www.carrefour.es/supermercado/cerveza-mahou-0-0-sin-alcohol-tostada-lata-33-cl-mahou/R-prod290354/p
Bebidas,Cerveza Mahou Sin alcohol pack de 12 latas de 33 cl.,"6,60 €","1,67 €/l",https://www.carrefour.es/supermercado/cerveza-mahou-sin-alcohol-pack-de-12-latas-de-33-cl-mahou-sin/R-562901549/p
Bebidas,Fanta de limón pack 2 botellas 2 l.,"2,90 €","0,72 €/l",https://www.carrefour.es/supermercado/fanta-de-limon-pack-2-botellas-2-l-fanta/R-520660582/p
Bebidas,Cerveza Alhambra Lager especial pack de 12 latas de 33 cl.,"8,04 €","2,03 €/l",https://www.carrefour.es/supermercado/cerveza-alhambra-lager-especial-pack-de-12-latas-de-33-cl-alhambra/R-618405687/p
Bebidas,Zumo de naranja recién exprimido Carrefour 1 l,"1,39 €","2,49 €/l",https://www.carrefour.es/supermercado/zumo-de-naranja-recien-exprimido-carrefour-1-l-carrefour/R-prod840498/p
Bebidas,Cerveza Cruzcampo Pilsen pack de 28 latas de 33 cl.,"0,83 €","1,64 €/l",https://www.carrefour.es/supermercado/cerveza-cruzcampo-pilsen-pack-de-28-latas-de-33-cl-cruzcampo/R-562901511/p
Bebidas,Cerveza Franziskaner Sefe-Weissbier botella 50 cl.,"0,75 €","2,78 €/l",https://www.carrefour.es/supermercado/cerveza-franziskaner-sefe-weissbier-botella-50-cl-franziskaner/R-521028250/p
Bebidas,Bitter Kas sin alcohol lata de 33 cl.,"6,37 €","2,52 €/l",https://www.carrefour.es/supermercado/bitter-kas-sin-alcohol-lata-de-33-cl-kas/R-520660444/p
Bebidas,Coca Cola sin cafeína lata 33 cl.,"3,20 €","2,27 €/l",https://www.carrefour.es/supermercado/coca-cola-sin-cafeina-lata-33-cl-coca-cola/R-520660465/p
Bebidas,Refresco de té Nestea sabor limón pack de 9 latas de 33 cl.,"0,22 €","2,14 €/l",https://www.carrefour.es/supermercado/refresco-de-te-nestea-sabor-limon-pack-de-9-latas-de-33-cl-nestea/R-663801815/p
Bebidas,Cerveza Estrella Galicia especial pack de 6 latas de 25 cl.,"1,65 €","2,13 €/l",https://www.carrefour.es/supermercado/cerveza-estrella-galicia-especial-pack-de-6-latas-de-25-cl-estrella-galicia/R-720007011/p
Bebidas,Cerveza San Miguel especial Lager pack de 12 latas de 33 cl.,"6,76 €","1,64 €/l",https://www.carrefour.es/supermercado/cerveza-san-miguel-especial-lager-pack-de-12-latas-de-33-cl-san-miguel/R-526715416/p
Bebidas,Cerveza Koenigsbier 4% lata 33 cl.,"0,48 €","0,67 €/l",https://www.carrefour.es/supermercado/cerveza-koenigsbier-4-lata-33-cl-koenigsbier/R-prod1022813/p
Bebidas,"Trina de naranja sin gas botella 1,5 l.","0,61 €","1,10 €/l",https://www.carrefour.es/supermercado/trina-de-naranja-sin-gas-botella-1-5-l-trina/R-520660616/p
Bebidas,Coca Cola light pack de 4 botellas de 2 l.,"1,65 €","0,84 €/l",https://www.carrefour.es/supermercado/coca-cola-light-pack-de-4-botellas-de-2-l-coca-cola/R-521028139/p
Bebidas,"Agua mineral Aquarel 1,5 l.","5,48 €","0,32 €/l",https://www.carrefour.es/supermercado/agua-mineral-aquarel-1-5-l-aquarel/R-521028182/p
Bebidas,Agua mineral Solán de Cabras natural 50 cl.,"0,64 €","1,22 €/l",https://www.carrefour.es/supermercado/agua-mineral-solan-de-cabras-natural-50-cl-solan-de-cabras/R-520661045/p
Bebidas,"Zumo de piña, manzana y uva Don Simón pack de 6 briks de 20 cl.","4,33 €","1,37 €/l",https://www.carrefour.es/supermercado/zumo-de-pina-manzana-y-uva-don-simon-pack-de-6-briks-de-20-cl-don-simon/R-520660832/p
Bebidas,Tónica Schweppes zero lata 33 cl.,"0,79 €","2,39 €/l",https://www.carrefour.es/supermercado/tonica-schweppes-zero-lata-33-cl-schweppes/R-520660426/p
Bebidas,Tónica Carrefour lata 33 cl.,"0,23 €","0,70 €/l",https://www.carrefour.es/supermercado/tonica-carrefour-lata-33-cl-carrefour/R-520660438/p
Bebidas,Zumo de naranja Carrefour exprimido con pulpa brik 1 l.,"1,29 €","1,29 €/l",https://www.carrefour.es/supermercado/zumo-de-naranja-carrefour-exprimido-con-pulpa-brik-1-l-carrefour/R-521030036/p
Bebidas,Agua mineral Font Vella natural 1 l.,"1,00 €","0,60 €/l",https://www.carrefour.es/supermercado/agua-mineral-font-vella-natural-1-l-font-vella/R-520661033/p
Bebidas,"Gaseosa La Casera cero azucares y cero caloria botella 1,5 l.","6,44 €","0,67 €/l",https://www.carrefour.es/supermercado/gaseosa-la-casera-cero-azucares-y-cero-caloria-botella-1-5-l-la-casera/R-520660418/p
Bebidas,"Aquarius sabor naranja pack 4 botellas 1,5 l.","0,47 €","1,07 €/l",https://www.carrefour.es/supermercado/aquarius-sabor-naranja-pack-4-botellas-1-5-l-aquarius/R-526591747/p
Bebidas,Agua mineral Aquarel natural 50 cl.,"1,58 €","0,94 €/l",https://www.carrefour.es/supermercado/agua-mineral-aquarel-natural-50-cl-aquarel/R-546102594/p
Bebidas,Cerveza Leffe botella 33 cl.,"0,64 €","4,79 €/l",https://www.carrefour.es/supermercado/cerveza-leffe-botella-33-cl-leffe/R-520661170/p
Bebidas,Zumo de frutas y leche Carrefour sabor mediterráneo brik 1 l.,"15,12 €","0,64 €/l",https://www.carrefour.es/supermercado/zumo-de-frutas-y-leche-carrefour-sabor-mediterraneo-brik-1-l-carrefour/R-799715338/p
Bebidas,Cerveza Amstel 100% malta pack de 28 latas de 33 cl.,"1,38 €","1,64 €/l",https://www.carrefour.es/supermercado/cerveza-amstel-100-malta-pack-de-28-latas-de-33-cl-amstel/R-551303025/p
Bebidas,"Coca Cola zero azúcar botella 1,25 l.","0,78 €","1,10 €/l",https://www.carrefour.es/supermercado/coca-cola-zero-azucar-botella-1-25-l-coca-cola/R-prod280208/p
Bebidas,Aquarius sabor limón zero lata 33 cl.,"2,33 €","2,36 €/l",https://www.carrefour.es/supermercado/aquarius-sabor-limon-zero-lata-33-cl-aquarius/R-590206943/p
Bebidas,Zumo de melocotón Juver-Disfruta sin azúcar añadido pack de 6 briks de 20 cl.,"2,10 €","1,94 €/l",https://www.carrefour.es/supermercado/zumo-de-melocoton-juver-disfruta-sin-azucar-anadido-pack-de-6-briks-de-20-cl-juver-disfruta/R-520660862/p
Bebidas,Agua mineral Regas natural 8 l.,"1,75 €","0,26 €/l",https://www.carrefour.es/supermercado/agua-mineral-regas-natural-8-l-regas/R-521028200/p
Bebidas,Tónica Schweppes botella 1 l.,"1,00 €","1,75 €/l",https://www.carrefour.es/supermercado/tonica-schweppes-botella-1-l-schweppes/R-521011992/p
Bebidas,"Agua mineral Font Vella 2,5 l.","1,20 €","0,40 €/l",https://www.carrefour.es/supermercado/agua-mineral-font-vella-2-5-l-font-vella/R-677310391/p
Bebidas,Agua mineral con gas Perrier 1 l.,"8,76 €","1,20 €/l",https://www.carrefour.es/supermercado/agua-mineral-con-gas-perrier-1-l-perrier/R-700709035/p
Bebidas,Coca Cola light pack 12 latas 33 cl.,"2,26 €","2,21 €/l",https://www.carrefour.es/supermercado/coca-cola-light-pack-12-latas-33-cl-coca-cola/R-530014503/p
Bebidas,Cerveza Mahou Sin alcohol pack de 6 botellas de 25 cl.,"0,99 €","1,51 €/l",https://www.carrefour.es/supermercado/cerveza-mahou-sin-alcohol-pack-de-6-botellas-de-25-cl-mahou-sin/R-521011819/p
Bebidas,Cerveza 1906 Red Vintage La Colorada lata 33 cl.,"0,80 €","3,00 €/l",https://www.carrefour.es/supermercado/cerveza-1906-red-vintage-la-colorada-lata-33-cl/R-VC4AECOMM-589416/p
Bebidas,Vino tinto de mesa Carrefour brik 1 l.,"0,50 €","0,80 €/l",https://www.carrefour.es/supermercado/vino-tinto-de-mesa-carrefour-brik-1-l-carrefour/R-520661412/p
Bebidas,"Refresco de cola Carrefour zero sin cafeína botella 1,5 l.","0,74 €","0,33 €/l",https://www.carrefour.es/supermercado/refresco-de-cola-carrefour-zero-sin-cafeina-botella-1-5-l-carrefour/R-fprod1310034/p
Bebidas,Cerveza Mahou 5 Estrellas especial pack de 24 botellas de 25 cl.,"13,01 €","2,17 €/l",https://www.carrefour.es/supermercado/cerveza-mahou-5-estrellas-especial-pack-de-24-botellas-de-25-cl-mahou-5-estrellas/R-530363694/p
Bebidas,Cerveza tostada Estrella Galicia 0.0 alcohol pack 6 botellas 25 cl.,"4,05 €","2,70 €/l",https://www.carrefour.es/supermercado/cerveza-tostada-estrella-galicia-00-alcohol-pack-6-botellas-25-cl/R-VC4AECOMM-530568/p
Bebidas,Fanta de limón zero azúcares añadidos botella 2 l.,"1,52 €","0,76 €/l",https://www.carrefour.es/supermercado/fanta-de-limon-zero-azucares-anadidos-botella-2-l-fanta/R-520660604/p
Bebidas,Nestea té negro con limón lata 33 cl.,"0,73 €","2,21 €/l",https://www.carrefour.es/supermercado/nestea-te-negro-con-limon-lata-33-cl-nestea/R-520660680/p
Bebidas,"Cerveza San Miguel 0,0 radler con limón lata 33 cl.","0,57 €","1,73 €/l",https://www.carrefour.es/supermercado/cerveza-san-miguel-0-0-radler-con-limon-lata-33-cl-san-miguel-0-0/R-544101756/p
Bebidas,Agua mineral Solán de Cabras natural 75 cl.,"0,71 €","0,95 €/l",https://www.carrefour.es/supermercado/agua-mineral-solan-de-cabras-natural-75-cl-solan-de-cabras/R-640001889/p
Bebidas,"Cerveza San Miguel 0,0 sin alcohol Lager pack de 12 latas de 33 cl.","0,56 €","1,64 €/l",https://www.carrefour.es/supermercado/cerveza-san-miguel-0-0-sin-alcohol-lager-pack-de-12-latas-de-33-cl-san-miguel-0-0/R-520661354/p
Bebidas,Fanta de naranja lata 33 cl.,"1,00 €","1,70 €/l",https://www.carrefour.es/supermercado/fanta-de-naranja-lata-33-cl-fanta/R-520660553/p
Bebidas,Cider Ladrón de manzanas 25 cl.,"6,66 €","4,00 €/l",https://www.carrefour.es/supermercado/cider-ladron-de-manzanas-25-cl-ladron-de-manzanas/R-prod590263/p
Bebidas,Bebida Isotónica Aquarius sabor naranja pack de 9 latas de 33 cl.,"0,91 €","2,24 €/l",https://www.carrefour.es/supermercado/bebida-isotonica-aquarius-sabor-naranja-pack-de-9-latas-de-33-cl-aquarius/R-663801811/p
Bebidas,Vino blanco Fuenteviña botella 75 cl.,"0,50 €","1,21 €/l",https://www.carrefour.es/supermercado/vino-blanco-fuentevina-botella-75-cl-fuentevina/R-814300317/p
Bebidas,Tónica Nordic Mist lata 25 cl.,"0,93 €","2,00 €/l",https://www.carrefour.es/supermercado/tonica-nordic-mist-lata-25-cl-nordic-mist/R-520660436/p
Bebidas,Agua mineral con gas Cabreiroá 1 l.,"1,50 €","0,93 €/l",https://www.carrefour.es/supermercado/agua-mineral-con-gas-cabreiroa-1-l-cabreiroa/R-789391475/p
Bebidas,"Agua mineral con gas Vichy Catalán natural 1,2 l.","0,46 €","1,25 €/l",https://www.carrefour.es/supermercado/agua-mineral-con-gas-vichy-catalan-natural-1-2-l-vichy-catalan/R-811813902/p
Bebidas,Agua mineral Bezoya 50 cl.,"0,21 €","0,92 €/l",https://www.carrefour.es/supermercado/agua-mineral-bezoya-50-cl-bezoya/R-prod1070608/p
Bebidas,Agua mineral con gas Carrefour natural 50 cl.,"3,32 €","0,42 €/l",https://www.carrefour.es/supermercado/agua-mineral-con-gas-carrefour-natural-50-cl-carrefour/R-530014491/p
Bebidas,"Aquarius sabor naranja pack 2 botellas 1,5 l.","0,48 €","1,11 €/l",https://www.carrefour.es/supermercado/aquarius-sabor-naranja-pack-2-botellas-1-5-l-aquarius/R-857900578/p
Bebidas,Sprite de lima-limón sin azúcar lata 33 cl.,"1,28 €","1,45 €/l",https://www.carrefour.es/supermercado/sprite-de-lima-limon-sin-azucar-lata-33-cl-sprite/R-589701552/p
Bebidas,Bebida de piña Carrefour sin azúcar pack de 6 briks de 20 cl.,"6,36 €","1,07 €/l",https://www.carrefour.es/supermercado/bebida-de-pina-carrefour-sin-azucar-pack-de-6-briks-de-20-cl-carrefour/R-prod730840/p
Bebidas,Vino D.O. Ribera del Duero tinto crianza Moralinos 75 cl.,"0,75 €","6,50 €/ud",https://www.carrefour.es/supermercado/vino-do-ribera-del-duero-tinto-crianza-moralinos-75-cl-moralinos/R-fprod1260099/p
Bebidas,"Nestea de limón pack 4 botellas 1,5 l.","6,36 €","1,06 €/l",https://www.carrefour.es/supermercado/nestea-de-limon-pack-4-botellas-1-5-l-nestea/R-528412978/p
Bebidas,Coca Cola light sin cafeína lata 33 cl.,"7,00 €","2,27 €/l",https://www.carrefour.es/supermercado/coca-cola-light-sin-cafeina-lata-33-cl-coca-cola/R-520660533/p
Bebidas,Refresco de naranja Trina sin gas lata 33 cl.,"0,65 €","1,97 €/l",https://www.carrefour.es/supermercado/refresco-de-naranja-trina-sin-gas-lata-33-cl-trina/R-520660612/p
Bebidas,Cerveza Desperados sabor tequila botella 33 cl.,"1,37 €","4,15 €/l",https://www.carrefour.es/supermercado/cerveza-desperados-sabor-tequila-botella-33-cl-desperados/R-521028222/p
Bebidas,Gaseosa La Casera cero calorías pack de 4 botellas de 50 cl.,"2,65 €","1,32 €/l",https://www.carrefour.es/supermercado/gaseosa-la-casera-cero-calorias-pack-de-4-botellas-de-50-cl-la-casera/R-832428435/p
Bebidas,Cerveza Carrefour sin alcohol lata 33 cl.,"0,27 €","0,82 €/l",https://www.carrefour.es/supermercado/cerveza-carrefour-sin-alcohol-lata-33-cl-carrefour/R-851600310/p
Bebidas,Zumo de manzana ecológico Carrefour Bio brik 1 l.,"1,59 €","1,59 €/l",https://www.carrefour.es/supermercado/zumo-de-manzana-ecologico-carrefour-bio-brik-1-l-carrefour-bio/R-526600510/p
Bebidas,Refresco de cola Carrefour zero lata 25 cl.,"0,24 €","0,96 €/l",https://www.carrefour.es/supermercado/refresco-de-cola-carrefour-zero-lata-25-cl-carrefour/R-fprod1390056/p
Bebidas,"Zumo florida Sunny Delight 1,25 l.","1,65 €","1,32 €/l",https://www.carrefour.es/supermercado/zumo-florida-sunny-delight-1-25-l-sunny-delight/R-715627665/p
Bebidas,"Refresco de té Nestea sin azúcar sabor limón botella 1,5 l.","1,67 €","1,11 €/l",https://www.carrefour.es/supermercado/refresco-de-te-nestea-sin-azucar-sabor-limon-botella-1-5-l-nestea/R-528305562/p
Bebidas,Vermut Martini rojo 1 l.,"9,49 €","9,49 €/l",https://www.carrefour.es/supermercado/vermut-martini-rojo-1-l-martini/R-520663120/p
Bebidas,Agua mineral Carrefour Kids natural 33 cl.,"0,19 €","0,58 €/l",https://www.carrefour.es/supermercado/agua-mineral-carrefour-kids-natural-33-cl-carrefour-kids/R-prod1130516/p
Bebidas,Zumo de naranja Carrefour exprimido sin pulpa brik 1 l.,"1,29 €","1,29 €/l",https://www.carrefour.es/supermercado/zumo-de-naranja-carrefour-exprimido-sin-pulpa-brik-1-l-carrefour/R-829518667/p
Bebidas,Refresco de naranja Carrefour con gas botella 2 l.,"0,68 €","0,34 €/l",https://www.carrefour.es/supermercado/refresco-de-naranja-carrefour-con-gas-botella-2-l-carrefour/R-804031641/p
Bebidas,7UP Free de lima-limón sin azúcar pack 2 botellas 2 l.,"2,10 €","0,52 €/l",https://www.carrefour.es/supermercado/7up-free-de-lima-limon-sin-azucar-pack-2-botellas-2-l-7up/R-prod800031/p
Bebidas,"Cerveza Heineken Lager 0,0 sin alcohol pack de 6 botellas de 25 cl.","3,83 €","2,55 €/l",https://www.carrefour.es/supermercado/cerveza-heineken-lager-0-0-sin-alcohol-pack-de-6-botellas-de-25-cl-heineken/R-prod72758/p
Bebidas,Bitter Kas sin alcohol pack de 6 botellas de 20 cl.,"4,33 €","3,61 €/l",https://www.carrefour.es/supermercado/bitter-kas-sin-alcohol-pack-de-6-botellas-de-20-cl-kas/R-521028121/p
Bebidas,"Trina de naranja sin gas Zero botella 1,5 l.","1,65 €","1,10 €/l",https://www.carrefour.es/supermercado/trina-de-naranja-sin-gas-zero-botella-1-5-l-trina/R-768607101/p
Bebidas,Aquarius sabor limón lata 33 cl.,"0,78 €","2,36 €/l",https://www.carrefour.es/supermercado/aquarius-sabor-limon-lata-33-cl-aquarius/R-520660759/p
Bebidas,Crema de orujo Puntemiño 70 cl.,"9,99 €","8,13 €/l",https://www.carrefour.es/supermercado/crema-de-orujo-puntemino-70-cl-puntemino/R-prod620187/p
Bebidas,Cerveza Mahou Clásica pack de 24 botellas de 25 cl.,"1,32 €","1,66 €/l",https://www.carrefour.es/supermercado/cerveza-mahou-clasica-pack-de-24-botellas-de-25-cl-mahou-clasica/R-521028279/p
Bebidas,Zumo de fruta y leche Don Simón Caribe zero pack de 6 briks de 20 cl.,"6,55 €","1,10 €/l",https://www.carrefour.es/supermercado/zumo-de-fruta-y-leche-don-simon-caribe-zero-pack-de-6-briks-de-20-cl-don-simon/R-527173292/p
Bebidas,Cune Tinto Crianza 2017,"0,50 €","6,55 €/ud",https://www.carrefour.es/supermercado/vino-tinto-crianza-cune-doca-rioja75-cl-cune/R-520662399/p
Bebidas,"Refresco de cola Carrefour classic botella 1,5 l.","6,40 €","0,33 €/l",https://www.carrefour.es/supermercado/refresco-de-cola-carrefour-classic-botella-1-5-l-carrefour/R-fprod1310007/p
Bebidas,Cerveza 1906 Reserva Especial pack de 9 botellas de 25 cl.,"0,68 €","2,84 €/l",https://www.carrefour.es/supermercado/cerveza-1906-reserva-especial-pack-de-9-botellas-de-25-cl-1906/R-521010557/p
Bebidas,Refresco de naranja Trina zero sin gas lata 33 cl.,"0,65 €","1,97 €/l",https://www.carrefour.es/supermercado/refresco-de-naranja-trina-zero-sin-gas-lata-33-cl-trina/R-520660648/p
Bebidas,"Carrefour té de limón botella 1,5 l.","0,74 €","0,49 €/l",https://www.carrefour.es/supermercado/carrefour-te-de-limon-botella-1-5-l-carrefour/R-522714739/p
Bebidas,Red bull bebida energética pack de 4 latas de 25 cl.,"3,89 €","3,89 €/l",https://www.carrefour.es/supermercado/red-bull-bebida-energetica-pack-de-4-latas-de-25-cl-red-bull/R-521028155/p
Bebidas,Cerveza Mahou Clásica pack de 12 botellas de 25 cl.,"5,09 €","1,70 €/l",https://www.carrefour.es/supermercado/cerveza-mahou-clasica-pack-de-12-botellas-de-25-cl-mahou-clasica/R-538002206/p
Bebidas,Cerveza Mahou Maestra tostada doble lúpulo pack de 12 latas de 33 cl.,"9,50 €","2,40 €/l",https://www.carrefour.es/supermercado/cerveza-mahou-maestra-tostada-doble-lupulo-pack-de-12-latas-de-33-cl-mahou/R-prod280143/p
Bebidas,Cerveza Mahou Mixta Shandy con limón pack de 12 latas de 33 cl.,"2,15 €","1,54 €/l",https://www.carrefour.es/supermercado/cerveza-mahou-mixta-shandy-con-limon-pack-de-12-latas-de-33-cl-mixta-mahou/R-521010549/p
Bebidas,Kas de naranja pack de 2 botellas de 2 l.,"1,03 €","0,54 €/l",https://www.carrefour.es/supermercado/kas-de-naranja-pack-de-2-botellas-de-2-l-kas/R-526627346/p
Bebidas,"Vino blanco Don Simón pack de 3 briks de 18,7 cl.","8,27 €","1,84 €/l",https://www.carrefour.es/supermercado/vino-blanco-don-simon-pack-de-3-briks-de-18-7-cl-don-simon/R-prod590589/p
Bebidas,Cerveza Estrella Damm mediterránea pack de 12 latas de 33 cl.,"2,50 €","2,09 €/l",https://www.carrefour.es/supermercado/cerveza-estrella-damm-mediterranea-pack-de-12-latas-de-33-cl-estrella-damm/R-521035193/p
Bebidas,Zumo de piña Juver sin azúcar añadido brik 2 l.,"1,59 €","1,25 €/l",https://www.carrefour.es/supermercado/zumo-de-pina-juver-sin-azucar-anadido-brik-2-l-juver/R-521028163/p
Bebidas,Vino D.O. La Mancha blanco verdejo Ópera Prima 75 cl.,"4,96 €","1,59 €/ud",https://www.carrefour.es/supermercado/vino-do-la-mancha-blanco-verdejo-opera-prima-75-cl-opera-prima/R-fprod1320216/p
Bebidas,Cerveza Alhambra Reserva tostada roja pack de 4 botellas de 33 cl.,"0,32 €","3,76 €/l",https://www.carrefour.es/supermercado/cerveza-alhambra-reserva-tostada-roja-pack-de-4-botellas-de-33-cl-alhambra/R-860001260/p
Bebidas,Cerveza Carrefour Shandy con limón lata 33 cl.,"1,09 €","0,97 €/l",https://www.carrefour.es/supermercado/cerveza-carrefour-shandy-con-limon-lata-33-cl-carrefour/R-816214251/p
Bebidas,Cerveza Mahou Maestra tostada doble lúpulo botella 33 cl.,"0,57 €","3,30 €/l",https://www.carrefour.es/supermercado/cerveza-mahou-maestra-tostada-doble-lupulo-botella-33-cl-mahou/R-835263264/p
Bebidas,Cerveza Turia Märzen de Valencia tostada botella 25 cl.,"1,36 €","2,28 €/l",https://www.carrefour.es/supermercado/cerveza-turia-marzen-de-valencia-tostada-botella-25-cl-turia/R-745602116/p
Bebidas,Zumo de manzana Carrefour exprimido brik 1 l.,"7,25 €","1,36 €/l",https://www.carrefour.es/supermercado/zumo-de-manzana-carrefour-exprimido-brik-1-l-carrefour/R-521030016/p
Bebidas,"Cerveza Amstel 0,0 sin alcohol Radler con limón pack de 12 latas de 33 cl.","0,48 €","1,83 €/l",https://www.carrefour.es/supermercado/cerveza-amstel-0-0-sin-alcohol-radler-con-limon-pack-de-12-latas-de-33-cl-amstel/R-prod1150243/p
Bebidas,Agua mineral Lanjarón natural tapón deportivo 33 cl.,"1,20 €","1,45 €/l",https://www.carrefour.es/supermercado/agua-mineral-lanjaron-natural-tapon-deportivo-33-cl-lanjaron/R-prod130333/p
Bebidas,Bebida de melocotón Carrefour sin azúcar pack de 6 briks de 20 cl.,"0,63 €","1,00 €/l",https://www.carrefour.es/supermercado/bebida-de-melocoton-carrefour-sin-azucar-pack-de-6-briks-de-20-cl-carrefour/R-prod730835/p
Bebidas,Néctar de mango y naranja Carrefour brik 1 l.,"0,79 €","0,63 €/l",https://www.carrefour.es/supermercado/nectar-de-mango-y-naranja-carrefour-brik-1-l-carrefour/R-780686962/p
Bebidas,Schweppes de limón lata 33 cl.,"2,52 €","2,39 €/l",https://www.carrefour.es/supermercado/schweppes-de-limon-lata-33-cl-schweppes/R-520660580/p
Bebidas,"Cerveza San Miguel 0,0 sin alcohol pack de 6 botellas de 25 cl.","1,91 €","1,68 €/l",https://www.carrefour.es/supermercado/cerveza-san-miguel-0-0-sin-alcohol-pack-de-6-botellas-de-25-cl-san-miguel-0-0/R-520661348/p
Bebidas,Zumo mediterráneo zero sin azúcar añadido Biofrutas sin gluten pack de 6 briks de 200 ml.,"1,20 €","1,59 €/l",https://www.carrefour.es/supermercado/zumo-mediterraneo-zero-sin-azucar-anadido-biofrutas-sin-gluten-pack-de-6-briks-de-200-ml-bifrutas/R-843001194/p
Bebidas,Agua mineral Bezoya tapón deportivo 33 cl.,"0,43 €","1,30 €/l",https://www.carrefour.es/supermercado/agua-mineral-bezoya-tapon-deportivo-33-cl-bezoya/R-714402117/p
Bebidas,Refresco de cola Pepsi pack de 12 latas de 33 cl.,"6,13 €","1,55 €/l",https://www.carrefour.es/supermercado/refresco-de-cola-pepsi-pack-de-12-latas-de-33-cl-pepsi/R-521008354/p
Bebidas,Cerveza 1906 Red Vintage La Colorada pack de 6 botellas de 33 cl.,"5,90 €","2,98 €/l",https://www.carrefour.es/supermercado/cerveza-1906-red-vintage-la-colorada-pack-de-6-botellas-de-33-cl-1906/R-692808528/p
Bebidas,"Cerveza Heineken Lager 0,0 sin alcohol lata 33 cl.","0,66 €","2,00 €/l",https://www.carrefour.es/supermercado/cerveza-heineken-lager-0-0-sin-alcohol-lata-33-cl-heineken/R-prod72705/p
Bebidas,Refresco de lima-limón Sprite con gas zero botella 2 l.,"1,30 €","0,65 €/l",https://www.carrefour.es/supermercado/refresco-de-lima-limon-sprite-con-gas-zero-botella-2-l-sprite/R-589802808/p
Bebidas,"Cerveza Free Damm Lager 0,0 sin alcohol lata 33 cl.","0,57 €","1,73 €/l",https://www.carrefour.es/supermercado/cerveza-free-damm-lager-0-0-sin-alcohol-lata-33-cl-free-damm/R-520661370/p
Bebidas,"Refresco de té verde Nestea sabor maracuyá botella 1,5 l.","1,67 €","1,11 €/l",https://www.carrefour.es/supermercado/refresco-de-te-verde-nestea-sabor-maracuya-botella-1-5-l-nestea/R-652500099/p
Bebidas,"Néctar de naranja Granini botella 1,5 l.","2,44 €","1,95 €/l",https://www.carrefour.es/supermercado/nectar-de-naranja-granini-botella-1-5-l-granini/R-520660884/p
Bebidas,Zumo de naranja Juver sin azúcar añadido brik 2 l.,"8,28 €","1,22 €/l",https://www.carrefour.es/supermercado/zumo-de-naranja-juver-sin-azucar-anadido-brik-2-l-juver/R-521028165/p
Bebidas,Tónica Schweppes zero calorías pack de 12 latas de 25 cl.,"3,09 €","2,76 €/l",https://www.carrefour.es/supermercado/tonica-schweppes-zero-calorias-pack-de-12-latas-de-25-cl-schweppes/R-prod460374/p
Bebidas,Cerveza Alhambra Lager especial pack 6 botellas de 25 cl.,"1,55 €","2,06 €/l",https://www.carrefour.es/supermercado/cerveza-alhambra-lager-especial-pack-6-botellas-de-25-cl-alhambra/R-827510484/p
Bebidas,Pazo Das Estrelas Blanco 2019,"2,50 €","7,00 €/ud",https://www.carrefour.es/supermercado/vino-do-rias-baixas-blanco-albarino-pazo-das-estrelas-75-cl-pazo-das-estrelas/R-785509557/p
Bebidas,"La Casera de limón cero azucares pack de 2 botellas de 1,5 l.","2,50 €","0,52 €/l",https://www.carrefour.es/supermercado/la-casera-de-limon-cero-azucares-pack-de-2-botellas-de-1-5-l-la-casera/R-690302026/p
Bebidas,Sidra El Gaitero achampanada extra botella 75 cl.,"1,85 €","3,33 €/l",https://www.carrefour.es/supermercado/sidra-el-gaitero-achampanada-extra-botella-75-cl-el-gaitero/R-520662253/p
Bebidas,Zumo de naranja 100% Fruta Granini botella 1 l. ,"0,88 €","2,50 €/l",https://www.carrefour.es/supermercado/zumo-de-naranja-100-fruta-granini-botella-1-l-granini/R-526600474/p
Bebidas,Sidra Menendez natural 70 cl.,"1,26 €","2,64 €/l",https://www.carrefour.es/supermercado/sidra-menendez-natural-70-cl-menendez/R-538002052/p
Bebidas,"Bebida Isotónica Carrefour sin gas sabor limón botella 1,5 l.","2,40 €","0,59 €/l",https://www.carrefour.es/supermercado/bebida-isotonica-carrefour-sin-gas-sabor-limon-botella-1-5-l-carrefour/R-657201693/p
Bebidas,Cerveza artesana Carrefour Sensation Session IPA botella 33 cl.,"0,69 €","3,82 €/l",https://www.carrefour.es/supermercado/cerveza-artesana-carrefour-sensation-session-ipa-botella-33-cl/R-VC4AECOMM-573236/p
Bebidas,Vino Lambrusco rosado Amabile dell' Emilia Bautista Marti 75 cl.,"1,81 €","2,40 €/ud",https://www.carrefour.es/supermercado/vino-lambrusco-rosado-amabile-dell-emilia-bautista-marti-75-cl-bautista-marti/R-780796875/p
Bebidas,Coca Cola con limón lata 33 cl.,"1,69 €","2,09 €/l",https://www.carrefour.es/supermercado/coca-cola-con-limon-lata-33-cl-coca-cola/R-fprod1210244/p
Bebidas,Zumo de naranja ecológico Carrefour Bio exprimido pack de 3 briks de 20 cl.,"0,24 €","3,02 €/l",https://www.carrefour.es/supermercado/zumo-de-naranja-ecologico-carrefour-bio-exprimido-pack-de-3-briks-de-20-cl-carrefour-bio/R-prod880428/p
Bebidas,"Cerveza Free Damm Lager 0,0 sin alcohol con limón lata 33 cl.","0,57 €","1,73 €/l",https://www.carrefour.es/supermercado/cerveza-free-damm-lager-0-0-sin-alcohol-con-limon-lata-33-cl-free-damm/R-520661360/p
Bebidas,"Soda Geiser sifón 1,5 l.","1,52 €","1,01 €/l",https://www.carrefour.es/supermercado/soda-geiser-sifon-1-5-l-geiser/R-520660440/p
Bebidas,"Pepsi Max de lima zero azúcar botella 1,25 l.","1,06 €","0,85 €/l",https://www.carrefour.es/supermercado/pepsi-max-de-lima-zero-azucar-botella-1-25-l/R-VC4AECOMM-470490/p
Bebidas,Vino D.O. Ribera del Duero tinto crianza Viña Espolón 75 cl.,"1,35 €","6,50 €/ud",https://www.carrefour.es/supermercado/vino-do-ribera-del-duero-tinto-crianza-vina-espolon-75-cl-vina-espolon/R-fprod1260303/p
Bebidas,"Cerveza Coronita botella 35,5 cl.","0,57 €","3,80 €/l",https://www.carrefour.es/supermercado/cerveza-coronita-botella-35-5-cl-coronita/R-582102538/p
Bebidas,Fanta de limón lata 33 cl.,"0,50 €","1,73 €/l",https://www.carrefour.es/supermercado/fanta-de-limon-lata-33-cl-fanta/R-520660576/p
Bebidas,Gaseosa Schuss botella 1 l.,"0,94 €","0,50 €/l",https://www.carrefour.es/supermercado/gaseosa-schuss-botella-1-l-schuss/R-527031632/p
Bebidas,"Limonada Don Simón exprimida botella 1,5 l.","0,86 €","0,63 €/l",https://www.carrefour.es/supermercado/limonada-don-simon-exprimida-botella-1-5-l-don-simon/R-714518204/p
Bebidas,Bebida de piña y coco Carrefour sin azúcar añadido brik 1 l.,"2,00 €","0,86 €/l",https://www.carrefour.es/supermercado/bebida-de-pina-y-coco-carrefour-sin-azucar-anadido-brik-1-l-carrefour/R-prod730766/p
Bebidas,Vino D.O. Rueda blanco verdejo Estilete 75 cl.,"0,73 €","2,00 €/ud",https://www.carrefour.es/supermercado/vino-do-rueda-blanco-verdejo-estilete-75-cl-estilete/R-784000504/p
Bebidas,Nestea té negro con limón lata 33 cl.,"6,50 €","2,21 €/l",https://www.carrefour.es/supermercado/nestea-te-negro-con-limon-lata-33-cl-nestea/R-520660656/p
Bebidas,Protos Verdejo Blanco 2019,"2,15 €","6,50 €/ud",https://www.carrefour.es/supermercado/vino-do-rueda-blanco-verdejo-protos-75-cl-protos/R-521010553/p
Bebidas,Vino tinto Tres Reinos D.O.Ca. Rioja 75 cl.,"2,28 €","2,15 €/ud",https://www.carrefour.es/supermercado/vino-tinto-tres-reinos-doca-rioja-75-cl-3-reinos/R-prod590345/p
Bebidas,Zumo de naranja Juver-Disfruta sin azúcar añadido pack de 6 briks de 20 cl.,"0,65 €","1,90 €/l",https://www.carrefour.es/supermercado/zumo-de-naranja-juver-disfruta-sin-azucar-anadido-pack-de-6-briks-de-20-cl-juver-disfruta/R-520660858/p
Bebidas,Coca Cola zero azúcar sabor cereza lata 33 cl.,"4,50 €","1,97 €/l",https://www.carrefour.es/supermercado/coca-cola-zero-azucar-sabor-cereza-lata-33-cl-coca-cola/R-855652844/p
Bebidas,Kas de naranja pack de 9 latas de 33 cl.,"1,10 €","1,52 €/l",https://www.carrefour.es/supermercado/kas-de-naranja-pack-de-9-latas-de-33-cl-kas/R-699508021/p
Bebidas,Zumo de manzana Don Simón brik 1 l.,"0,79 €","1,10 €/l",https://www.carrefour.es/supermercado/zumo-de-manzana-don-simon-brik-1-l-don-simon/R-520660820/p
Bebidas,Refresco de limón Schweppes con gas zero lata 33 cl.,"1,75 €","2,39 €/l",https://www.carrefour.es/supermercado/refresco-de-limon-schweppes-con-gas-zero-lata-33-cl-schweppes/R-540202096/p
Bebidas,Tónica Schweppes Zero botella 1 l.,"7,59 €","1,75 €/l",https://www.carrefour.es/supermercado/tonica-schweppes-zero-botella-1-l-schweppes/R-521013535/p
Bebidas,Cerveza rubia Heineken Lager pack de 12 latas de 33 cl.,"0,69 €","1,92 €/l",https://www.carrefour.es/supermercado/cerveza-rubia-heineken-lager-pack-de-12-latas-de-33-cl-heineken/R-521034680/p
Bebidas,Ginger Ale Schweppes lata 25 cl.,"0,54 €","2,76 €/l",https://www.carrefour.es/supermercado/ginger-ale-schweppes-lata-25-cl-schweppes/R-833501764/p
Bebidas,Agua mineral Cabreiroá tapón deportivo 33 cl.,"2,60 €","1,64 €/l",https://www.carrefour.es/supermercado/agua-mineral-cabreiroa-tapon-deportivo-33-cl-cabreiroa/R-843506724/p
Bebidas,Cerveza Cruzcampo Shandy con limón pack de 6 botellas de 25 cl.,"0,24 €","1,73 €/l",https://www.carrefour.es/supermercado/cerveza-cruzcampo-shandy-con-limon-pack-de-6-botellas-de-25-cl-shandy-cruzcampo/R-521011947/p
Bebidas,Cerveza Cruzcampo Pilsen botella 1 l.,"1,22 €","1,22 €/l",https://www.carrefour.es/supermercado/cerveza-cruzcampo-pilsen-botella-1-l-cruzcampo/R-fprod1190453/p
Bebidas,Refresco de cola Pepsi Max zero sabor lima lata 33 cl.,"0,54 €","1,64 €/l",https://www.carrefour.es/supermercado/refresco-de-cola-pepsi-max-zero-sabor-lima-lata-33-cl-pepsi/R-prod380786/p
Bebidas,Cerveza Franziskaner Dunkel alemana de trigo botella 50 cl.,"1,39 €","2,78 €/l",https://www.carrefour.es/supermercado/cerveza-franziskaner-dunkel-alemana-de-trigo-botella-50-cl-franziskaner/R-521028238/p
Bebidas,Bebida energética Carrefour light 25 cl.,"0,41 €","1,64 €/l",https://www.carrefour.es/supermercado/bebida-energetica-carrefour-light-25-cl-carrefour/R-520660791/p
Bebidas,Cerveza El Aguila pack de 10 latas de 33 cl.,"6,37 €","1,93 €/l",https://www.carrefour.es/supermercado/cerveza-el-aguila-pack-de-10-latas-de-33-cl-el-aguila/R-fprod1190422/p
Bebidas,Zumo tropical Bifrutas brik 1 l.,"1,83 €","1,83 €/l",https://www.carrefour.es/supermercado/zumo-tropical-bifrutas-brik-1-l-bifrutas/R-525973460/p
Bebidas,Agua mineral con gas Perrier natural 50 cl.,"0,88 €","1,76 €/l",https://www.carrefour.es/supermercado/agua-mineral-con-gas-perrier-natural-50-cl-perrier/R-769008764/p
Bebidas,Vermut Forteni rojo 1 l.,"1,99 €","1,99 €/l",https://www.carrefour.es/supermercado/vermut-forteni-rojo-1-l-forteni/R-520663124/p
Bebidas,Vermut Yzaguirre rojo 1 l.,"6,90 €","6,90 €/l",https://www.carrefour.es/supermercado/vermut-yzaguirre-rojo-1-l-yzaguirre/R-538408241/p
Bebidas,Zumo de tomate Carrefour brik 1 l.,"0,65 €","0,65 €/l",https://www.carrefour.es/supermercado/zumo-de-tomate-carrefour-brik-1-l-carrefour/R-520660797/p
Bebidas,Tónica Nordic Mist Blue lata 25 cl.,"0,50 €","2,00 €/l",https://www.carrefour.es/supermercado/tonica-nordic-mist-blue-lata-25-cl-nordic-mist/R-769403245/p
Bebidas,Zumo de naranja exprimido con pulpa Carrefour Selección botella 1 l.,"2,35 €","2,35 €/l",https://www.carrefour.es/supermercado/zumo-de-naranja-exprimido-con-pulpa-carrefour-seleccion-botella-1-l-carrefour-seleccion/R-521033147/p
Bebidas,"Cerveza Estrella Galicia 0,0 sin alcohol lata 33 cl.","0,57 €","1,73 €/l",https://www.carrefour.es/supermercado/cerveza-estrella-galicia-0-0-sin-alcohol-lata-33-cl-estrella-galicia/R-597201613/p
Bebidas,Pradorey Coleccion Barricas Tinto 2018,"9,90 €","9,90 €/ud",https://www.carrefour.es/supermercado/vino-do-ribera-del-duero-tinto-coleccion-barricas-9-meses-pradorey-75-cl-pradorey/R-fprod1280439/p
Bebidas,7UP de lima-limón lata 33 cl.,"0,44 €","1,33 €/l",https://www.carrefour.es/supermercado/7up-de-lima-limon-lata-33-cl-7up/R-520660596/p
Bebidas,"Zumo de piña,manzana y uva Don Simón brik 1 l.","1,10 €","1,10 €/l",https://www.carrefour.es/supermercado/zumo-de-pina-manzana-y-uva-don-simon-brik-1-l-don-simon/R-520660801/p
Bebidas,Gaseosa La Casera cero calorías botella 50 cl.,"0,69 €","1,38 €/l",https://www.carrefour.es/supermercado/gaseosa-la-casera-cero-calorias-botella-50-cl-la-casera/R-520660424/p
Bebidas,"Carrefour té de melocotón botella 1,5 l.","0,73 €","0,49 €/l",https://www.carrefour.es/supermercado/carrefour-te-de-melocoton-botella-1-5-l-carrefour/R-522714734/p
Bebidas,Néctar de melocotón Granini GO! pack 3 briks 200 ml. ,"1,50 €","2,50 €/l",https://www.carrefour.es/supermercado/nectar-de-melocoton-granini-go-pack-3-briks-200-ml-granini/R-538002036/p
Bebidas,Vino D.O. Valdepeñas Blanco Airén Viña Lobón 75 cl.,"1,22 €","1,22 €/ud",https://www.carrefour.es/supermercado/vino-do-valdepenas-blanco-airen-vina-lobon-75-cl-vina-lobon/R-prod212106/p
Bebidas,Bebida energética Monster Ultra zero calorías pack de 4 latas de 50 cl.,"5,36 €","2,68 €/l",https://www.carrefour.es/supermercado/bebida-energetica-monster-ultra-zero-calorias-pack-de-4-latas-de-50-cl-monster/R-prod690110/p
Bebidas,Tónica Schweppes lata 25 cl.,"0,69 €","2,76 €/l",https://www.carrefour.es/supermercado/tonica-schweppes-lata-25-cl-schweppes/R-676501676/p
Bebidas,"Zumo de naranja Simon Life botella 1,5 l.","1,50 €","1,00 €/l",https://www.carrefour.es/supermercado/zumo-de-naranja-simon-life-botella-1-5-l-simon-life/R-521030004/p
Bebidas,"Cerveza Heineken Lager 0,0 alcohol pack 12 latas 33 cl.","7,79 €","1,97 €/l",https://www.carrefour.es/supermercado/cerveza-heineken-lager-0-0-alcohol-pack-12-latas-33-cl-heineken/R-prod780137/p
Bebidas,Cerveza Mahou Ipa lata 33 cl.,"0,95 €","2,88 €/l",https://www.carrefour.es/supermercado/cerveza-mahou-ipa-lata-33-cl-mahou/R-fprod1220126/p
Bebidas,"Trina de limón sin gas Zero botella 1,5 l.","1,65 €","1,10 €/l",https://www.carrefour.es/supermercado/trina-de-limon-sin-gas-zero-botella-1-5-l-trina/R-768607103/p
Bebidas,Refresco de té verde Nestea sabor maracuyá lata 33 cl.,"0,73 €","2,21 €/l",https://www.carrefour.es/supermercado/refresco-de-te-verde-nestea-sabor-maracuya-lata-33-cl-nestea/R-654801691/p
Bebidas,Zumo de naranja Don Simón pack de 6 briks de 20 cl.,"1,65 €","1,37 €/l",https://www.carrefour.es/supermercado/zumo-de-naranja-don-simon-pack-de-6-briks-de-20-cl-don-simon/R-520660834/p
Bebidas,Mosto Carrefour blanco botella 1 l.,"1,10 €","1,10 €/l",https://www.carrefour.es/supermercado/mosto-carrefour-blanco-botella-1-l-carrefour/R-520661003/p
Bebidas,Cerveza Mahou 5 Estrellas especial sin gluten lata 33 cl.,"0,72 €","2,18 €/l",https://www.carrefour.es/supermercado/cerveza-mahou-5-estrellas-especial-sin-gluten-lata-33-cl-mahou-5-estrellas/R-829217576/p
Bebidas,Cerveza Mahou 5 Estrellas especial lata 33 cl.,"0,69 €","2,09 €/l",https://www.carrefour.es/supermercado/cerveza-mahou-5-estrellas-especial-lata-33-cl-mahou-5-estrellas/R-521007938/p
Bebidas,Refresco de cola Pepsi Max zero cafeína zero azúcar pack de 9 latas de 33 cl.,"5,33 €","1,79 €/l",https://www.carrefour.es/supermercado/refresco-de-cola-pepsi-max-zero-cafeina-zero-azucar-pack-de-9-latas-de-33-cl-pepsi/R-prod540037/p
Bebidas,Refresco de limón Carrefour con gas zero botella 2 l.,"0,68 €","0,34 €/l",https://www.carrefour.es/supermercado/refresco-de-limon-carrefour-con-gas-zero-botella-2-l-carrefour/R-632701994/p
Bebidas,Crema irlandesa Baileys 1 l.,"16,61 €","16,61 €/l",https://www.carrefour.es/supermercado/crema-irlandesa-baileys-1-l-baileys/R-520663114/p
Bebidas,"Bebida Isotónica Carrefour sin gas sabor naranja botella 1,5 l.","0,88 €","0,59 €/l",https://www.carrefour.es/supermercado/bebida-isotonica-carrefour-sin-gas-sabor-naranja-botella-1-5-l-carrefour/R-657201697/p
Bebidas,Baileys Original Cremas,"11,95 €","17,07 €/l",https://www.carrefour.es/supermercado/crema-irlandesa-baileys-70-cl-baileys/R-520663106/p
Bebidas,Cerveza rubia Carrefour sin alcohol lata 33 cl.,"0,33 €","1,00 €/l",https://www.carrefour.es/supermercado/cerveza-rubia-carrefour-sin-alcohol-lata-33-cl-carrefour/R-784712295/p
Bebidas,Kas de limón pack de 9 latas de 33 cl.,"3,75 €","1,26 €/l",https://www.carrefour.es/supermercado/kas-de-limon-pack-de-9-latas-de-33-cl-kas/R-699508017/p
Bebidas,Néctar de naranja Minute Maid botella 1 l.,"1,59 €","1,59 €/l",https://www.carrefour.es/supermercado/nectar-de-naranja-minute-maid-botella-1-l-minute-maid/R-520660890/p
Bebidas,Seagram'S Ginebra,"15,00 €","21,43 €/l",https://www.carrefour.es/supermercado/ginebra-seagrams-extra-70-cl-seagrams/R-546102614/p
Bebidas,"Agua mineral Font Vella Sensación con zumo de limón 1,25 l.","1,42 €","1,14 €/l",https://www.carrefour.es/supermercado/agua-mineral-font-vella-sensacion-con-zumo-de-limon-1-25-l-font-vella/R-520661122/p
Bebidas,Vino blanco albariño D.O.Rias Baixas 75 cl.,"3,55 €","3,55 €/ud",https://www.carrefour.es/supermercado/vino-blanco-albarino-dorias-baixas-75-cl/R-prod210038/p
Bebidas,Aquarius sabor naranja lata 33 cl.,"0,78 €","2,36 €/l",https://www.carrefour.es/supermercado/aquarius-sabor-naranja-lata-33-cl-aquarius/R-520660725/p
Bebidas,Coca cola pack de 4 botellas de 20 cl.,"3,32 €","4,15 €/l",https://www.carrefour.es/supermercado/coca-cola-pack-de-4-botellas-de-20-cl/R-VC4AECOMM-434683/p
Bebidas,Tónica Nordic Mist zero azúcar lata 25 cl.,"0,50 €","2,00 €/l",https://www.carrefour.es/supermercado/tonica-nordic-mist-zero-azucar-lata-25-cl-nordic-mist/R-791548056/p
Bebidas,Cerveza Carrefour Lager botella 1 l.,"0,66 €","0,66 €/l",https://www.carrefour.es/supermercado/cerveza-carrefour-lager-botella-1-l-carrefour/R-520661313/p
Bebidas,Kombucha de jengibre y limón ecológico Komvida botella 25 cl.,"2,21 €","8,84 €/l",https://www.carrefour.es/supermercado/kombucha-de-jengibre-y-limon-ecologico-komvida-botella-25-cl-komvida/R-fprod1180208/p
Bebidas,Cider Ladrón de manzanas sabor manzana verde botella 25 cl.,"1,00 €","4,00 €/l",https://www.carrefour.es/supermercado/cider-ladron-de-manzanas-sabor-manzana-verde-botella-25-cl-ladron-de-manzanas/R-fprod1190428/p
Bebidas,Cider Ladrón de manzanas sabor frutos rojos 25 cl.,"1,00 €","4,00 €/l",https://www.carrefour.es/supermercado/cider-ladron-de-manzanas-sabor-frutos-rojos-25-cl-ladron-de-manzanas/R-prod760052/p
Bebidas,Cerveza San Miguel especial Lager lata 50 cl.,"0,83 €","1,66 €/l",https://www.carrefour.es/supermercado/cerveza-san-miguel-especial-lager-lata-50-cl-san-miguel/R-520661338/p
Bebidas,Bebida energética Carrefour 25 cl.,"0,38 €","1,52 €/l",https://www.carrefour.es/supermercado/bebida-energetica-carrefour-25-cl-carrefour/R-520660783/p
Bebidas,Red Bull bebida energética sin azúcar pack 4 latas 25 cl.,"4,35 €","4,35 €/l",https://www.carrefour.es/supermercado/red-bull-bebida-energetica-sin-azucar-pack-4-latas-25-cl-red-bull/R-614001846/p
Bebidas,Zumo de uva roja ecológico Carrefour Bio brik 1 l.,"2,09 €","2,09 €/l",https://www.carrefour.es/supermercado/zumo-de-uva-roja-ecologico-carrefour-bio-brik-1-l-carrefour-bio/R-prod880430/p
Bebidas,"Font Vella La Limonada con zumo de limón sin gas zero botella 1,25 l.","1,40 €","1,12 €/l",https://www.carrefour.es/supermercado/font-vella-la-limonada-con-zumo-de-limon-sin-gas-zero-botella-1-25-l-font-vella/R-prod1160091/p
Bebidas,Cerveza San Miguel especial Lager pack de 12 botellas de 25 cl.,"5,31 €","1,77 €/l",https://www.carrefour.es/supermercado/cerveza-san-miguel-especial-lager-pack-de-12-botellas-de-25-cl-san-miguel/R-521033441/p
Bebidas,Vino tinto crianza Señorío de los Llanos D.O. Valdepeñas 75 cl.,"1,95 €","1,95 €/ud",https://www.carrefour.es/supermercado/vino-tinto-crianza-senorio-de-los-llanos-do-valdepenas-75-cl-senorio-de-los-llanos/R-520662780/p
Bebidas,Agua mineral Cabreiroá tapón deportivo 50 cl.,"0,59 €","1,18 €/l",https://www.carrefour.es/supermercado/agua-mineral-cabreiroa-tapon-deportivo-50-cl-cabreiroa/R-prod810533/p
Bebidas,"Cerveza San Miguel Magna tipo Lager roja 0,0 sin alcohol lata 33 cl.","0,66 €","20,00 €/l",https://www.carrefour.es/supermercado/cerveza-san-miguel-magna-tipo-lager-roja-0-0-sin-alcohol-lata-33-cl/R-VC4AECOMM-482978/p
Bebidas,Zumo de melocotón y uva ecológico Carrefour Bio exprimido pack de 3 briks de 20 cl.,"1,81 €","3,02 €/l",https://www.carrefour.es/supermercado/zumo-de-melocoton-y-uva-ecologico-carrefour-bio-exprimido-pack-de-3-briks-de-20-cl-carrefour-bio/R-prod880427/p
Bebidas,Cerveza rubia Heineken Lager pack 12 botellas 25 cl.,"7,51 €","2,50 €/l",https://www.carrefour.es/supermercado/cerveza-rubia-heineken-lager-pack-12-botellas-25-cl-heineken/R-589601205/p
Bebidas,Cerveza Leffe Triple botella 33 cl.,"1,63 €","4,94 €/l",https://www.carrefour.es/supermercado/cerveza-leffe-triple-botella-33-cl-leffe/R-prod920254/p
Bebidas,Zumo Bifrutas Kids pack de 6 briks de 20 cl.,"1,91 €","1,59 €/l",https://www.carrefour.es/supermercado/zumo-bifrutas-kids-pack-de-6-briks-de-20-cl-bifrutas/R-521033376/p
Bebidas,Zumo de manzana Appletiser lata 25 cl.,"0,69 €","2,76 €/l",https://www.carrefour.es/supermercado/zumo-de-manzana-appletiser-lata-25-cl-appletiser/R-prod950028/p
Bebidas,Zumo de frutas y leche Carrefour sabor tropical pack de 3 briks de 33 cl.,"0,69 €","0,70 €/l",https://www.carrefour.es/supermercado/zumo-de-frutas-y-leche-carrefour-sabor-tropical-pack-de-3-briks-de-33-cl-carrefour/R-799397850/p
Bebidas,"Bebida de maracuyá, manzana y mango Carrefour sin azúcar añadido brik 1 l.","1,10 €","1,10 €/l",https://www.carrefour.es/supermercado/bebida-de-maracuya-manzana-y-mango-carrefour-sin-azucar-anadido-brik-1-l-carrefour/R-prod730836/p
Bebidas,Ginebra Puerto de Indias premium strawberry 70 cl.,"14,35 €","20,50 €/l",https://www.carrefour.es/supermercado/ginebra-puerto-de-indias-premium-strawberry-70-cl-puerto-de-indias/R-777005206/p
Bebidas,Néctar de frutos rojos Carrefour brik 1 l.,"0,68 €","0,68 €/l",https://www.carrefour.es/supermercado/nectar-de-frutos-rojos-carrefour-brik-1-l-carrefour/R-784208969/p
Bebidas,"La Casera de naranja cero azucares pack de 2 botellas de 1,5 l.","1,55 €","0,52 €/l",https://www.carrefour.es/supermercado/la-casera-de-naranja-cero-azucares-pack-de-2-botellas-de-1-5-l-la-casera/R-690302028/p
Bebidas,Tónica Schweppes Original botella 25 cl.,"0,85 €","3,40 €/l",https://www.carrefour.es/supermercado/tonica-schweppes-original-botella-25-cl-schweppes/R-838226856/p
Bebidas,Sidra El Gaitero sin alcohol etiqueta verde 75 cl.,"2,05 €","2,73 €/l",https://www.carrefour.es/supermercado/sidra-el-gaitero-sin-alcohol-etiqueta-verde-75-cl/R-VC4AECOMM-423828/p
Bebidas,Coca Cola sin cafeína botella 2 l.,"1,80 €","0,90 €/l",https://www.carrefour.es/supermercado/coca-cola-sin-cafeina-botella-2-l-coca-cola/R-520660467/p
Bebidas,Ginebra Tanqueray 70 cl.,"13,00 €","18,57 €/l",https://www.carrefour.es/supermercado/ginebra-tanqueray-70-cl-tanqueray/R-521028342/p
Bebidas,Ginebra Larios 1 l.,"9,75 €","9,75 €/l",https://www.carrefour.es/supermercado/ginebra-larios-1-l-larios/R-520663009/p
Bebidas,Refresco de naranja Fanta con gas pack de 6 latas de 20 cl.,"2,58 €","2,15 €/l",https://www.carrefour.es/supermercado/refresco-de-naranja-fanta-con-gas-pack-de-6-latas-de-20-cl/R-VC4AECOMM-432265/p
Bebidas,Fanta de naranja zero azúcares añadidos botella 2 l.,"1,49 €","0,74 €/l",https://www.carrefour.es/supermercado/fanta-de-naranja-zero-azucares-anadidos-botella-2-l-fanta/R-520660598/p
Bebidas,Kombucha de frutos rojos ecológico Komvida botella 25 cl.,"2,21 €","8,84 €/l",https://www.carrefour.es/supermercado/kombucha-de-frutos-rojos-ecologico-komvida-botella-25-cl-komvida/R-fprod1180207/p
Bebidas,Bebida de naranja Carrefour sin azúcar pack de 6 briks de 20 cl.,"1,20 €","1,00 €/l",https://www.carrefour.es/supermercado/bebida-de-naranja-carrefour-sin-azucar-pack-de-6-briks-de-20-cl-carrefour/R-prod730841/p
Bebidas,Vino D.O. Valdepeñas tinto reserva Viña Albali 75 cl.,"3,15 €","3,15 €/ud",https://www.carrefour.es/supermercado/vino-do-valdepenas-tinto-reserva-vina-albali-75-cl-vina-albali/R-520662791/p
Bebidas,Refresco de lima-limón Carrefour con gas botella 2 l.,"0,68 €","0,34 €/l",https://www.carrefour.es/supermercado/refresco-de-lima-limon-carrefour-con-gas-botella-2-l-carrefour/R-520660594/p
Bebidas,Schweppes de limón botella 1 l.,"1,75 €","1,75 €/l",https://www.carrefour.es/supermercado/schweppes-de-limon-botella-1-l-schweppes/R-716603249/p
Bebidas,Agua mineral Lanjarón tapón deportivo 33 cl.,"0,57 €","1,73 €/l",https://www.carrefour.es/supermercado/agua-mineral-lanjaron-tapon-deportivo-33-cl-lanjaron/R-840701210/p
Bebidas,Cerveza El Águila Sin Filtrar botella 33 cl.,"0,89 €","2,70 €/l",https://www.carrefour.es/supermercado/cerveza-el-aguila-sin-filtrar-botella-33-cl-el-aguila/R-fprod1190320/p
Bebidas,Kas de limón pack de 2 botellas de 2 l.,"2,40 €","0,60 €/l",https://www.carrefour.es/supermercado/kas-de-limon-pack-de-2-botellas-de-2-l-kas/R-526627350/p
Bebidas,Kas de naranja zero lata de 33 cl.,"0,49 €","1,48 €/l",https://www.carrefour.es/supermercado/kas-de-naranja-zero-lata-de-33-cl-kas/R-590212991/p
Bebidas,Cerveza Mahou Clásica botella 1 l.,"1,42 €","1,42 €/l",https://www.carrefour.es/supermercado/cerveza-mahou-clasica-botella-1-l-mahou-clasica/R-521011811/p
Bebidas,Tónica Schweppes Pink lata 25 cl.,"0,69 €","2,76 €/l",https://www.carrefour.es/supermercado/tonica-schweppes-pink-lata-25-cl-schweppes/R-prod710106/p
Bebidas,Aquarius sabor naranja zero lata 33 cl.,"0,78 €","2,36 €/l",https://www.carrefour.es/supermercado/aquarius-sabor-naranja-zero-lata-33-cl-aquarius/R-546003725/p
Bebidas,Agua mineral Carrefour natural tapón deportivo 75 cl.,"0,44 €","0,59 €/l",https://www.carrefour.es/supermercado/agua-mineral-carrefour-natural-tapon-deportivo-75-cl-carrefour/R-prod840294/p
Bebidas,"Aquarius sabor limón botella 1,5 l.","1,72 €","1,15 €/l",https://www.carrefour.es/supermercado/aquarius-sabor-limon-botella-1-5-l-aquarius/R-526403970/p
Bebidas,Cerveza Guinness Draught irlandesa negra lata 44 cl.,"2,10 €","4,77 €/l",https://www.carrefour.es/supermercado/cerveza-guinness-draught-irlandesa-negra-lata-44-cl-guinness/R-520661195/p
Bebidas,Agua mineral con gas San Pellegrino natural 50 cl.,"0,88 €","1,76 €/l",https://www.carrefour.es/supermercado/agua-mineral-con-gas-san-pellegrino-natural-50-cl-san-pellegrino/R-546307314/p
Bebidas,Arabe Dulce,"3,99 €","5,32 €/l",https://www.carrefour.es/supermercado/vino-de-aguja-blanco-dulce-sauvignon-arabe-75-cl-arabe/R-791868049/p
Bebidas,Vino tinto de mesa Don Simón brik 1 l.,"1,45 €","1,45 €/l",https://www.carrefour.es/supermercado/vino-tinto-de-mesa-don-simon-brik-1-l-don-simon/R-520661408/p
Bebidas,Mosto Carrefour tinto botella 1 l.,"1,10 €","1,10 €/l",https://www.carrefour.es/supermercado/mosto-carrefour-tinto-botella-1-l-carrefour/R-520661001/p
Bebidas,Vino D.O. Valdepeñas tinto tempranillo Viña Lobón 75 cl.,"1,20 €","1,20 €/ud",https://www.carrefour.es/supermercado/vino-do-valdepenas-tinto-tempranillo-vina-lobon-75-cl-vina-lobon/R-789105172/p
Bebidas,Cerveza Franziskaner Weissbier sin alcohol botella 50 cl.,"1,39 €","2,78 €/l",https://www.carrefour.es/supermercado/cerveza-franziskaner-weissbier-sin-alcohol-botella-50-cl-franziskaner/R-629301968/p
Bebidas,Tónica Schweppes zero lata 25 cl.,"0,69 €","2,76 €/l",https://www.carrefour.es/supermercado/tonica-schweppes-zero-lata-25-cl-schweppes/R-835752315/p
Bebidas,Agua mineral Lanjarón tapón deportivo 75 cl.,"0,74 €","0,99 €/l",https://www.carrefour.es/supermercado/agua-mineral-lanjaron-tapon-deportivo-75-cl-lanjaron/R-520661037/p
Bebidas,Cerveza Amstel Radler con limón pack de 6 botellas de 25 cl.,"3,21 €","2,14 €/l",https://www.carrefour.es/supermercado/cerveza-amstel-radler-con-limon-pack-de-6-botellas-de-25-cl-amstel-radler/R-prod72704/p
Bebidas,Zumo de melocotón Juver sin azúcar añadido brik 2 l.,"2,39 €","1,19 €/l",https://www.carrefour.es/supermercado/zumo-de-melocoton-juver-sin-azucar-anadido-brik-2-l-juver/R-521028167/p
Bebidas,Cava Puigesser brut nature 75 cl.,"1,90 €","1,90 €/ud",https://www.carrefour.es/supermercado/cava-puigesser-brut-nature-75-cl-puigesser/R-735314097/p
Bebidas,"Coca Cola light botella 1,25 l.","1,38 €","1,10 €/l",https://www.carrefour.es/supermercado/coca-cola-light-botella-1-25-l-coca-cola/R-521014667/p
Bebidas,Federico Paternina Tinto Crianza 2017,"6,20 €","6,20 €/ud",https://www.carrefour.es/supermercado/vino-tinto-crianza-federico-paternina-banda-azul-doca-rioja-75-cl-federico-paternina/R-844300623/p
Bebidas,"Cerveza San Miguel 0,0 sin alcohol con zumo de manzana lata 33 cl.","0,57 €","1,73 €/l",https://www.carrefour.es/supermercado/cerveza-san-miguel-0-0-sin-alcohol-con-zumo-de-manzana-lata-33-cl-san-miguel-0-0/R-520661378/p
Bebidas,Néctar de piña Minute Maid botella 1 l.,"1,59 €","1,59 €/l",https://www.carrefour.es/supermercado/nectar-de-pina-minute-maid-botella-1-l-minute-maid/R-520660896/p
Bebidas,Monster Green bebida energética pack de 4 latas 50 cl.,"5,36 €","2,68 €/l",https://www.carrefour.es/supermercado/monster-green-bebida-energetica-pack-de-4-latas-50-cl-monster/R-715626956/p
Bebidas,Cerveza Voll Damm doble malta pack de 12 botellas de 25 cl.,"8,50 €","2,83 €/l",https://www.carrefour.es/supermercado/cerveza-voll-damm-doble-malta-pack-de-12-botellas-de-25-cl-voll-damm/R-804324146/p
Bebidas,Vino blanco Viña Espolon Albariño D.O. Rias Baixas 75 cl.,"0,28 €","7,00 €/ud",https://www.carrefour.es/supermercado/vino-blanco-vina-espolon-albarino-do-rias-baixas-75-cl/R-VC4AECOMM-424379/p
Bebidas,Refresco de naranja Carrefour con gas lata 33 cl.,"4,07 €","0,85 €/l",https://www.carrefour.es/supermercado/refresco-de-naranja-carrefour-con-gas-lata-33-cl-carrefour/R-800038847/p
Bebidas,Diamante Semidulce Sin Crianza,"3,75 €","4,07 €/ud",https://www.carrefour.es/supermercado/vino-do-rioja-blanco-semi-dulce-diamante-75-cl-diamante/R-522713444/p
Bebidas,Castillo De San Diego Blanco 2019,"12,97 €","3,75 €/ud",https://www.carrefour.es/supermercado/vino-blanco-de-la-tierra-de-cadiz-antonio-barbadillo-castillo-san-diego-75-cl-antonio-barbadillo-castillo-san-diego/R-520662924/p
Bebidas,Martini,"0,49 €","8,65 €/l",https://www.carrefour.es/supermercado/vermut-martini-rojo-1-5-l-martini/R-546306884/p
Bebidas,Kas de limón zero lata de 33 cl.,"1,45 €","1,48 €/l",https://www.carrefour.es/supermercado/kas-de-limon-zero-lata-de-33-cl-kas/R-590212993/p
Bebidas,Néctar de piña Granini GO! pack 3 briks 200 ml.  ,"1,06 €","2,42 €/l",https://www.carrefour.es/supermercado/nectar-de-pina-granini-go-pack-3-briks-200-ml-granini/R-538002038/p
Bebidas,Agua mineral con gas Vichy Catalán natural 50 cl.,"3,30 €","2,12 €/l",https://www.carrefour.es/supermercado/agua-mineral-con-gas-vichy-catalan-natural-50-cl-vichy-catalan/R-prod830189/p
Bebidas,Coca Cola light pack 6 latas 20 cl.,"12,00 €","27,50 €/l",https://www.carrefour.es/supermercado/coca-cola-light-pack-6-latas-20-cl/R-VC4AECOMM-433753/p
Bebidas,Ginebra Beefeater 70 cl.,"0,77 €","17,14 €/l",https://www.carrefour.es/supermercado/ginebra-beefeater-70-cl-beefeater/R-521028344/p
Bebidas,Cerveza El Águila sin filtrar lata 33 cl.,"1,65 €","2,33 €/l",https://www.carrefour.es/supermercado/cerveza-el-aguila-sin-filtrar-lata-33-cl-el-aguila/R-fprod1190420/p
Bebidas,Zumo de manzana Don Simón pack de 6 briks de 20 cl.,"9,49 €","1,37 €/l",https://www.carrefour.es/supermercado/zumo-de-manzana-don-simon-pack-de-6-briks-de-20-cl-don-simon/R-521014172/p
Bebidas,Cerveza Carrefour especial lata 33 cl.,"0,28 €","0,85 €/l",https://www.carrefour.es/supermercado/cerveza-carrefour-especial-lata-33-cl-carrefour/R-858808155/p
Bebidas,"Tinto de verano con limón botella La Casera 1,5 l.","1,86 €","1,24 €/l",https://www.carrefour.es/supermercado/tinto-de-verano-con-limon-botella-la-casera-1-5-l-la-casera/R-520661447/p
Bebidas,Cerveza Amstel Radler con zumo limón lata 33 cl.,"0,63 €","1,91 €/l",https://www.carrefour.es/supermercado/cerveza-amstel-radler-con-zumo-limon-lata-33-cl-amstel-radler/R-784401335/p
Bebidas,Néctar de guayaba Carrefour brik 1 l.,"1,00 €","1,00 €/l",https://www.carrefour.es/supermercado/nectar-de-guayaba-carrefour-brik-1-l-carrefour/R-prod730832/p
Bebidas,Refresco de cola Coca Cola pack de 4 botellas de 50 cl.,"3,96 €","1,98 €/l",https://www.carrefour.es/supermercado/refresco-de-cola-coca-cola-pack-de-4-botellas-de-50-cl-coca-cola/R-634001753/p
Bebidas,Agua mineral con gas Vichy Catalán natural 33 cl.,"0,88 €","2,67 €/l",https://www.carrefour.es/supermercado/agua-mineral-con-gas-vichy-catalan-natural-33-cl-vichy-catalan/R-684403400/p
Bebidas,Cerveza Carrefour Lager pack de 24 botellas de 25 cl.,"5,50 €","0,92 €/l",https://www.carrefour.es/supermercado/cerveza-carrefour-lager-pack-de-24-botellas-de-25-cl-carrefour/R-521028277/p
Bebidas,Refresco de limón Carrefour con gas botella 2 l.,"0,68 €","0,34 €/l",https://www.carrefour.es/supermercado/refresco-de-limon-carrefour-con-gas-botella-2-l-carrefour/R-808943642/p
Bebidas,Cider Ladrón de manzanas lata 33 cl.,"1,31 €","3,97 €/l",https://www.carrefour.es/supermercado/cider-ladron-de-manzanas-lata-33-cl-ladron-de-manzanas/R-prod590264/p
Bebidas,"Tónica Carrefour botella 1,5 l.","0,62 €","0,41 €/l",https://www.carrefour.es/supermercado/tonica-carrefour-botella-1-5-l-carrefour/R-520660428/p
Bebidas,"Agua mineral Carrefour con zumo de frutas del bosque zero sin azúcares añadidos 1,5 l.","0,85 €","0,57 €/l",https://www.carrefour.es/supermercado/agua-mineral-carrefour-con-zumo-de-frutas-del-bosque-zero-sin-azucares-anadidos-1-5-l/R-VC4AECOMM-435080/p
Bebidas,Bebida refrescante de té al limón,"1,11 €","1,11 €/l",https://www.carrefour.es/supermercado/bebida-refrescante-de-te-al-limon-lipton/R-520660674/p
Bebidas,Zumo de 10 frutas y vitaminas Juver-Disfruta pack de 6 briks de 20 cl.,"2,33 €","1,94 €/l",https://www.carrefour.es/supermercado/zumo-de-10-frutas-y-vitaminas-juver-disfruta-pack-de-6-briks-de-20-cl-juver-disfruta/R-821300648/p
Bebidas,"Zumo de melocotón, manzana y uva Don Simón pack de 6 briks de 20 cl.","1,65 €","1,37 €/l",https://www.carrefour.es/supermercado/zumo-de-melocoton-manzana-y-uva-don-simon-pack-de-6-briks-de-20-cl-don-simon/R-520660830/p
Bebidas,Zumo de narqanja ecológico Carrefour Bio brik 1 l.,"2,09 €","2,09 €/l",https://www.carrefour.es/supermercado/zumo-de-narqanja-ecologico-carrefour-bio-brik-1-l-carrefour-bio/R-526600506/p
Bebidas,Bebida Champin espumosa sin alcohol 75 cl.,"2,40 €","3,20 €/l",https://www.carrefour.es/supermercado/bebida-champin-espumosa-sin-alcohol-75-cl-champin/R-520662245/p
Bebidas,Vino D.O. Rioja tinto crianza 3 Reinos 75 cl.,"2,95 €","2,95 €/ud",https://www.carrefour.es/supermercado/vino-do-rioja-tinto-crianza-3-reinos-75-cl-3-reinos/R-prod590878/p
Bebidas,"Refresco de limón Carrefour sin gas botella 1,5 l.","0,71 €","0,47 €/l",https://www.carrefour.es/supermercado/refresco-de-limon-carrefour-sin-gas-botella-1-5-l-carrefour/R-520660634/p
Bebidas,Néctar de pera Carrefour brik 1 l.,"0,68 €","0,68 €/l",https://www.carrefour.es/supermercado/nectar-de-pera-carrefour-brik-1-l-carrefour/R-784208961/p
Bebidas,"Aquarius sabor naranja botella 1,5 l.","1,72 €","1,15 €/l",https://www.carrefour.es/supermercado/aquarius-sabor-naranja-botella-1-5-l-aquarius/R-526403972/p
Bebidas,Zumo de tomate Granini botella 1 l.,"2,10 €","2,10 €/l",https://www.carrefour.es/supermercado/zumo-de-tomate-granini-botella-1-l-granini/R-520660918/p
Bebidas,Cerveza Mahou Sin alcohol lata 33 cl.,"0,58 €","1,76 €/l",https://www.carrefour.es/supermercado/cerveza-mahou-sin-alcohol-lata-33-cl-mahou-sin/R-520661382/p
Bebidas,Refresco de cola Pepsi pack de 2 botellas de 2 l.,"2,55 €","1,27 €/l",https://www.carrefour.es/supermercado/refresco-de-cola-pepsi-pack-de-2-botellas-de-2-l-pepsi/R-530014501/p
Bebidas,"Cerveza Desperados sabor tequila, lima y cactus botella 33 cl","1,42 €","4,30 €/l",https://www.carrefour.es/supermercado/cerveza-desperados-sabor-tequila-lima-y-cactus-botella-33-cl/R-VC4AECOMM-476380/p
Bebidas,Vino dulce Pedro Ximenez De Nuestra Tierra D.O. Montilla-Moriles 75 cl.,"7,95 €","7,95 €/ud",https://www.carrefour.es/supermercado/vino-dulce-pedro-ximenez-de-nuestra-tierra-do-montilla-moriles-75-cl-de-nuestra-tierra/R-prod870393/p
Bebidas,Cerveza Amstel Clásica lata 33 cl.,"0,31 €","0,94 €/l",https://www.carrefour.es/supermercado/cerveza-amstel-clasica-lata-33-cl-amstel-clasica/R-699308708/p
Bebidas,Zumo de manzana Juver-Disfruta sin azúcar añadido brik 2 l.,"2,39 €","1,19 €/l",https://www.carrefour.es/supermercado/zumo-de-manzana-juver-disfruta-sin-azucar-anadido-brik-2-l-juver-disfruta/R-521034294/p
Bebidas,Zumo de manzana ecológico Delizum botella 1 l.,"2,25 €","2,25 €/l",https://www.carrefour.es/supermercado/zumo-de-manzana-ecologico-delizum-botella-1-l-delizum/R-864802137/p
Bebidas,Cerveza rubia Heineken Lager pack de 6 botellas de 25 cl.,"3,83 €","2,55 €/l",https://www.carrefour.es/supermercado/cerveza-rubia-heineken-lager-pack-de-6-botellas-de-25-cl-heineken/R-520661253/p
Bebidas,Cerveza Voll Damm doble malta lata 33 cl.,"0,79 €","2,39 €/l",https://www.carrefour.es/supermercado/cerveza-voll-damm-doble-malta-lata-33-cl-voll-damm/R-520661160/p
Bebidas,Agua mineral Solán de Cabras natural 33 cl.,"0,50 €","1,52 €/l",https://www.carrefour.es/supermercado/agua-mineral-solan-de-cabras-natural-33-cl-solan-de-cabras/R-520661019/p
Bebidas,Cerveza San Miguel especial Lager pack de 24 botellas de 25 cl.,"10,28 €","1,71 €/l",https://www.carrefour.es/supermercado/cerveza-san-miguel-especial-lager-pack-de-24-botellas-de-25-cl-san-miguel/R-521028273/p
Bebidas,Cerveza Inedit Damm malta botella 33 cl.,"1,30 €","3,94 €/l",https://www.carrefour.es/supermercado/cerveza-inedit-damm-malta-botella-33-cl-inedit-damm/R-788499255/p
Bebidas,Zumo de 10 frutas y vitaminas Juver sin azúcar añadido brik 2 l.,"2,39 €","1,19 €/l",https://www.carrefour.es/supermercado/zumo-de-10-frutas-y-vitaminas-juver-sin-azucar-anadido-brik-2-l-juver/R-522714071/p
Bebidas,Cerveza Cruzcampo Shandy con limón lata 33 cl.,"0,68 €","2,06 €/l",https://www.carrefour.es/supermercado/cerveza-cruzcampo-shandy-con-limon-lata-33-cl-shandy-cruzcampo/R-520661376/p
Bebidas,Néctar de melocotón Minute Maid botella 1 l.,"1,59 €","1,59 €/l",https://www.carrefour.es/supermercado/nectar-de-melocoton-minute-maid-botella-1-l-minute-maid/R-520660904/p
Bebidas,Néctar de cóctel de frutas Granini botella 1 l.,"2,35 €","2,35 €/l",https://www.carrefour.es/supermercado/nectar-de-coctel-de-frutas-granini-botella-1-l-granini/R-520660957/p
Bebidas,Cerveza rubia Ambar Tipo IPA lata 44 cl.,"1,25 €","2,84 €/l",https://www.carrefour.es/supermercado/cerveza-rubia-ambar-tipo-ipa-lata-44-cl-ambar/R-prod740067/p
Bebidas,Cerveza Mahou 5 Estrellas especial pack de 6 botellas de 25 cl.,"3,49 €","2,33 €/l",https://www.carrefour.es/supermercado/cerveza-mahou-5-estrellas-especial-pack-de-6-botellas-de-25-cl-mahou-5-estrellas/R-520661251/p
Bebidas,Zumo de naranja Don Simón exprimido sin pulpa botella 1 l.,"2,00 €","2,00 €/l",https://www.carrefour.es/supermercado/zumo-de-naranja-don-simon-exprimido-sin-pulpabotella-1-l-don-simon/R-fprod1430223/p
Bebidas,Cerveza tostada Free Damm 0.0 alcohol lata 33 cl.,"0,60 €","1,82 €/l",https://www.carrefour.es/supermercado/cerveza-tostada-free-damm-00-alcohol-lata-33-cl/R-VC4AECOMM-549742/p
Bebidas,Freixenet Carta Nevada Semiseco Cava,"5,40 €","5,40 €/ud",https://www.carrefour.es/supermercado/cava-freixenet-semiseco-75-cl-freixenet/R-520662221/p
Bebidas,"Cerveza San Miguel 0,0 sin alcohol Lager lata 33 cl.","0,58 €","1,76 €/l",https://www.carrefour.es/supermercado/cerveza-san-miguel-0-0-sin-alcohol-lager-lata-33-cl-san-miguel-0-0/R-520661380/p
Bebidas,Zumo de melocotón ecológico Delizum botella 1 l.,"2,25 €","2,25 €/l",https://www.carrefour.es/supermercado/zumo-de-melocoton-ecologico-delizum-botella-1-l-delizum/R-864802139/p
Bebidas,Vino Mayor de Castilla D.O. Ribera del Duero Roble caja de 6 botellas de 75 cl.,"2,40 €","16,00 €/ud",https://www.carrefour.es/supermercado/vino-mayor-de-castilla-do-ribera-del-duero-roble-caja-de-6-botellas-de-75-cl-mayor-de-castilla/R-prod410574/p
Bebidas,Zumo de piña ecológico Delizum botella 1 l.,"2,56 €","2,40 €/l",https://www.carrefour.es/supermercado/zumo-de-pina-ecologico-delizum-botella-1-l-delizum/R-590214029/p
Bebidas,Sprite de lima-limón pack 2 botellas 2 l.,"8,35 €","0,64 €/l",https://www.carrefour.es/supermercado/sprite-de-lima-limon-pack-2-botellas-2-l-sprite/R-prod280313/p
Bebidas,Bebida de fruta zanahoria y naranja Granini botella 1 l.,"2,35 €","2,35 €/l",https://www.carrefour.es/supermercado/bebida-de-fruta-zanahoria-y-naranja-granini-botella-1-l-granini/R-520660995/p
Bebidas,"Néctar de naranja Don Simón Disfruta sin azúcar añadido botella 1,5 l.","1,32 €","0,88 €/l",https://www.carrefour.es/supermercado/nectar-de-naranja-don-simon-disfruta-sin-azucar-anadido-botella-1-5-l-don-simon-disfruta/R-526627320/p
Bebidas,Bebida de naranja y mango Carrefour sin azúcar añadidoes brik 1 l.,"0,86 €","0,86 €/l",https://www.carrefour.es/supermercado/bebida-de-naranja-y-mango-carrefour-sin-azucar-anadidoes-brik-1-l-carrefour/R-prod730768/p
Bebidas,Pazo Ribeiro Blanco 2019,"3,49 €","3,49 €/ud",https://www.carrefour.es/supermercado/vino-blanco-pazo-do-ribeiro-75-cl-pazo/R-521007961/p
Bebidas,Bebida espirituosa Soberano 1 l.,"8,35 €","8,35 €/l",https://www.carrefour.es/supermercado/bebida-espirituosa-soberano-1-l-soberano/R-526600640/p
Bebidas,Whisky Ballantine's escocés 1 l.,"14,94 €","14,94 €/l",https://www.carrefour.es/supermercado/whisky-ballantines-escoces-1-l-ballantines/R-521028099/p
Bebidas,"Cerveza Buckler 0,0 sin alcohol Radler con limón lata 33 cl.","0,66 €","2,00 €/l",https://www.carrefour.es/supermercado/cerveza-buckler-0-0-sin-alcohol-radler-con-limon-lata-33-cl-buckler-0-0-radler/R-768805708/p
Bebidas,Néctar de piña Carrefour brik 1 l.,"0,63 €","0,63 €/l",https://www.carrefour.es/supermercado/nectar-de-pina-carrefour-brik-1-l-carrefour/R-780686966/p
Bebidas,Néctar de melocotón y uva Carrefour brik 1 l.,"0,63 €","0,63 €/l",https://www.carrefour.es/supermercado/nectar-de-melocoton-y-uva-carrefour-brik-1-l-carrefour/R-780686982/p
Bebidas,Sprite de lima-limón bajo en azúcar lata 33 cl.,"0,48 €","1,45 €/l",https://www.carrefour.es/supermercado/sprite-de-lima-limon-bajo-en-azucar-lata-33-cl-sprite/R-520660590/p
Bebidas,Limonada Minute Maid botella 1 l.,"1,49 €","1,49 €/l",https://www.carrefour.es/supermercado/limonada-minute-maid-botella-1-l-minute-maid/R-520660638/p
Bebidas,"Refresco de manzana Carrefour sin gas botella 1,5 l.","0,71 €","0,47 €/l",https://www.carrefour.es/supermercado/refresco-de-manzana-carrefour-sin-gas-botella-1-5-l-carrefour/R-625820249/p
Bebidas,Refresco de naranja Carrefour con gas light botella 2 l.,"0,68 €","0,34 €/l",https://www.carrefour.es/supermercado/refresco-de-naranja-carrefour-con-gas-light-botella-2-l-carrefour/R-632701996/p
Bebidas,Monster Absolutely bebida energética zero azúcar lata 50 cl.,"1,49 €","2,98 €/l",https://www.carrefour.es/supermercado/monster-absolutely-bebida-energetica-zero-azucar-lata-50-cl-monster/R-814300409/p
Bebidas,"Cerveza Amstel 0,0 sin alcohol Radler con limón lata 33 cl.","0,63 €","1,91 €/l",https://www.carrefour.es/supermercado/cerveza-amstel-0-0-sin-alcohol-radler-con-limon-lata-33-cl-amstel-radler/R-prod780139/p
Bebidas,Refresco de cola Coca Cola zero sin cafeína botella 2 l.,"1,80 €","0,90 €/l",https://www.carrefour.es/supermercado/refresco-de-cola-coca-cola-zero-sin-cafeina-botella-2-l-coca-cola/R-551303335/p
Bebidas,Cerveza Heineken Lager lata 50 cl.,"1,14 €","2,28 €/l",https://www.carrefour.es/supermercado/cerveza-heineken-lager-lata-50-cl-heineken/R-521011927/p
Bebidas,Cerveza rubia Kirin Ichiban botella 33 cl.,"1,33 €","3,30 €/l",https://www.carrefour.es/supermercado/cerveza-rubia-kirin-ichiban-botella-33-cl-kirin-ichiban/R-687013296/p
Bebidas,Refresco de cola Pepsi light sin cafeína botella 2 l.,"1,31 €","0,66 €/l",https://www.carrefour.es/supermercado/refresco-de-cola-pepsi-light-sin-cafeina-botella-2-l-pepsi/R-521012057/p
Bebidas,Zumo de frutos rojos Juver Exótico sin azúcar añadido añadido brik 1 l.,"1,67 €","1,31 €/l",https://www.carrefour.es/supermercado/zumo-de-frutos-rojos-juver-exotico-sin-azucar-anadido-anadido-brik-1-l-juver/R-700809232/p
Bebidas,Zumo Bifrutas Tropical zero brik 1 l.,"4,15 €","1,67 €/l",https://www.carrefour.es/supermercado/zumo-bifrutas-tropical-zero-brik-1-l-bifrutas/R-843001367/p
Bebidas,Vino tinto Marqués Griñón pack de 6 botellas de 75 cl.,"2,33 €","18,00 €/ud",https://www.carrefour.es/supermercado/vino-tinto-marques-grinon-pack-de-6-botellas-de-75-cl-marques-grinon/R-fprod1210324/p
Bebidas,"Agua mineral Font Vella Sensación con zumo de manzana 1,25 l.","1,42 €","1,14 €/l",https://www.carrefour.es/supermercado/agua-mineral-font-vella-sensacion-con-zumo-de-manzana-1-25-l-font-vella/R-520661124/p
Bebidas,Cerveza 1906 reserva especial botella 50 cl.,"1,55 €","3,10 €/l",https://www.carrefour.es/supermercado/cerveza-1906-reserva-especial-botella-50-cl/R-VC4AECOMM-532266/p
Bebidas,Cerveza Carrefour Lager sin alcohol pack de 6 botellas de 25 cl.,"1,60 €","1,07 €/l",https://www.carrefour.es/supermercado/cerveza-carrefour-lager-sin-alcohol-pack-de-6-botellas-de-25-cl-carrefour/R-520661344/p
Bebidas,Refresco de cola Pepsi Max zero pack de 9 latas de 33 cl.,"4,74 €","1,60 €/l",https://www.carrefour.es/supermercado/refresco-de-cola-pepsi-max-zero-pack-de-9-latas-de-33-cl-pepsi/R-844913264/p
Bebidas,Coca Cola zero sin cafeína botella 50 cl.,"1,20 €","2,40 €/l",https://www.carrefour.es/supermercado/coca-cola-zero-sin-cafeina-botella-50-cl-coca-cola/R-769403233/p
Bebidas,Coto Tinto 2016,"5,85 €","5,85 €/ud",https://www.carrefour.es/supermercado/vino-do-rioja-tinto-crianza-el-coto-75-cl-el-coto/R-520662379/p
Bebidas,Cerveza Turia Märzen de Valencia tostada lata 33 cl.,"0,72 €","2,18 €/l",https://www.carrefour.es/supermercado/cerveza-turia-marzen-de-valencia-tostada-lata-33-cl-turia/R-804324148/p
Bebidas,Zumo de fresa y plátano 0% materia grasa Bifrutas sin gluten pack de 6 briks de 200 ml.,"1,91 €","1,59 €/l",https://www.carrefour.es/supermercado/zumo-de-fresa-y-platano-0-materia-grasa-bifrutas-sin-gluten-pack-de-6-briks-de-200-ml-bifrutas/R-652101688/p
Bebidas,Vino D.O. Montilla-Moriles fino Deley 75 cl.,"2,25 €","2,25 €/ud",https://www.carrefour.es/supermercado/vino-do-montilla-moriles-fino-deley-75-cl-deley/R-521010464/p
Bebidas,Sidra ecológica Maeloc achampanada extra botella 75 cl.,"1,99 €","1,99 €/ud",https://www.carrefour.es/supermercado/sidra-ecologica-maeloc-achampanada-extra-botella-75-cl-maeloc/R-751102609/p
Bebidas,Zumo de arándano Carrefour brik 1 l.,"1,59 €","1,59 €/l",https://www.carrefour.es/supermercado/zumo-de-arandano-carrefour-brik-1-l-carrefour/R-687502762/p
Bebidas,Zumo de clementinas Carrefour exprimido brik de 1 l.,"1,18 €","1,18 €/l",https://www.carrefour.es/supermercado/zumo-de-clementinas-carrefour-exprimido-brik-de-1-l-carrefour/R-745602120/p
Bebidas,Zumo multifrutas Carrefour exprimido brik 1 l.,"1,64 €","1,64 €/l",https://www.carrefour.es/supermercado/zumo-multifrutas-carrefour-exprimido-brik-1-l-carrefour/R-521030022/p
Bebidas,Agua mineral Teleno natural 5 l.,"1,06 €","0,21 €/l",https://www.carrefour.es/supermercado/agua-mineral-teleno-natural-5-l-teleno/R-prod65087/p
Bebidas,Zumo de piña y coco de Juver-Disfruta Exótico sin azúcar añadido brik 1 l.,"1,32 €","1,32 €/l",https://www.carrefour.es/supermercado/zumo-de-pina-y-coco-de-juver-disfruta-exotico-sin-azucar-anadido-brik-1-l-juver-disfruta/R-657301759/p
Bebidas,"Cerveza Ambar 0,0 sin alcohol sin gluten botella 33 cl.","0,99 €","3,00 €/l",https://www.carrefour.es/supermercado/cerveza-ambar-0-0-sin-alcohol-sin-gluten-botella-33-cl-ambar/R-639802030/p
Bebidas,Ruavieja Licor De Hierbas Hierbas,"8,95 €","12,79 €/l",https://www.carrefour.es/supermercado/licor-de-orujo-de-hierbas-ruavieja-70-cl-ruavieja/R-520663041/p
Bebidas,Yllera 5.5 Verdejo Frizzante,"6,50 €","6,50 €/ud",https://www.carrefour.es/supermercado/vino-frizzante-blanco-verdejo-yllera-55-75-cl-yllera-55/R-618404982/p
Bebidas,Kombucha de té verde ecológico Komvida botella 25 cl,"2,21 €","8,84 €/l",https://www.carrefour.es/supermercado/kombucha-de-te-verde-ecologico-komvida-botella-25-cl-komvida/R-fprod1180121/p
Bebidas,Refresco de limón Carrefour con gas lata 33 cl.,"0,28 €","0,85 €/l",https://www.carrefour.es/supermercado/refresco-de-limon-carrefour-con-gas-lata-33-cl-carrefour/R-800038289/p
Bebidas,"Zumo de manzana Appletiser pack 4 botellas 27,5 cl.","2,80 €","2,55 €/l",https://www.carrefour.es/supermercado/zumo-de-manzana-appletiser-pack-4-botellas-27-5-cl-appletiser/R-590208099/p
Bebidas,Cerveza Desperados sabor mojito botella 33 cl.,"1,37 €","4,15 €/l",https://www.carrefour.es/supermercado/cerveza-desperados-sabor-mojito-botella-33-cl-desperados/R-prod310094/p
Bebidas,Zumo de frutas tropicales Juver-Disfruta sin azúcar añadido pack de 6 briks de 20 cl.,"2,33 €","1,94 €/l",https://www.carrefour.es/supermercado/zumo-de-frutas-tropicales-juver-disfruta-sin-azucar-anadido-pack-de-6-briks-de-20-cl-juver-disfruta/R-520660860/p
Bebidas,Refresco de limón Trina sin gas lata 33 cl.,"0,65 €","1,97 €/l",https://www.carrefour.es/supermercado/refresco-de-limon-trina-sin-gas-lata-33-cl-trina/R-520660626/p
Bebidas,Faustino Vii Tinto,"3,75 €","3,75 €/ud",https://www.carrefour.es/supermercado/vino-do-rioja-tinto-faustino-vii-75-cl-faustino-vii/R-520662342/p
Bebidas,La Planta Tinto Con Crianza 2018,"8,50 €","8,50 €/ud",https://www.carrefour.es/supermercado/vino-do-ribera-del-duero-tinto-roble-la-planta-75-cl-la-planta/R-654802095/p
Bebidas,Bebida de guayaba Carrefour sin azúcar añadido brik 1 l.,"1,00 €","1,00 €/l",https://www.carrefour.es/supermercado/bebida-de-guayaba-carrefour-sin-azucar-anadido-brik-1-l-carrefour/R-prod730833/p
Bebidas,Martin Codax Blanco 2019,"10,50 €","10,50 €/ud",https://www.carrefour.es/supermercado/vino-do-rias-baixas-albarino-blanco-martin-codax-75-cl-martin-codax/R-520662734/p
Bebidas,Zumo de fruta y leche Carrefour Mediterráneo pack de 3 briks de 33 cl.,"0,69 €","0,70 €/l",https://www.carrefour.es/supermercado/zumo-de-fruta-y-leche-carrefour-mediterraneo-pack-de-3-briks-de-33-cl-carrefour/R-800766416/p
Bebidas,Cerveza Ambar Lager especial pack de 18 latas de 33 cl.,"10,90 €","1,84 €/l",https://www.carrefour.es/supermercado/cerveza-ambar-lager-especial-pack-de-18-latas-de-33-cl-ambar/R-819255726/p
Bebidas,"Cerveza Buckler 0,0 alcohol malta pack 6 botellas 25 cl.","2,55 €","1,70 €/l",https://www.carrefour.es/supermercado/cerveza-buckler-0-0-alcohol-malta-pack-6-botellas-25-cl-buckler-0-0/R-521013721/p
Bebidas,7UP Free sin azúcar lata 33 cl.,"0,50 €","1,52 €/l",https://www.carrefour.es/supermercado/7up-free-sin-azucar-lata-33-cl-7up/R-521011780/p
Bebidas,Cerveza artesana BrewDog Punk IPA botella 33 cl.,"2,15 €","6,52 €/l",https://www.carrefour.es/supermercado/cerveza-artesana-brewdog-punk-ipa-botella-33-cl-brewdog/R-870701827/p
Bebidas,Vino frizzante blanco verdejo Amaranta 75 cl.,"2,39 €","2,39 €/ud",https://www.carrefour.es/supermercado/vino-frizzante-blanco-verdejo-amaranta-75-cl/R-VC4AECOMM-439350/p
Bebidas,Schweppes de limón lata 25 cl.,"0,69 €","2,76 €/l",https://www.carrefour.es/supermercado/schweppes-de-limon-lata-25-cl-schweppes/R-833501762/p
Bebidas,"Agua mineral y zumo de manzana zero carrefour 1,5 l.","0,85 €","0,57 €/l",https://www.carrefour.es/supermercado/agua-mineral-y-zumo-de-manzana-zero-carrefour-1-5-l/R-VC4AECOMM-435254/p
Bebidas,7UP de lima-limón botella 2 l.,"1,11 €","0,55 €/l",https://www.carrefour.es/supermercado/7up-de-lima-limon-botella-2-l-7up/R-520660588/p
Bebidas,Tónica Schweppes pink botella 1 l.,"1,75 €","1,75 €/l",https://www.carrefour.es/supermercado/tonica-schweppes-pink-botella-1-l-schweppes/R-prod971535/p
Bebidas,Cerveza Cruzcampo gran reserva malta pack de 10 latas de 33 cl.,"7,65 €","2,32 €/l",https://www.carrefour.es/supermercado/cerveza-cruzcampo-gran-reserva-malta-pack-de-10-latas-de-33-cl-cruzcampo/R-fprod1190418/p
Bebidas,Monster Green bebida energética pack de 6 latas de 50 cl.,"7,68 €","2,56 €/l",https://www.carrefour.es/supermercado/monster-green-bebida-energetica-pack-de-6-latas-de-50-cl-monster/R-792905225/p
Bebidas,Mosto Greip blanco botella 1 l.,"1,99 €","1,99 €/l",https://www.carrefour.es/supermercado/mosto-greip-blanco-botella-1-l-greip/R-530363202/p
Bebidas,Té de limón zero Carrefour botella 1 l.,"0,45 €","0,45 €/l",https://www.carrefour.es/supermercado/te-de-limon-zero-carrefour-botella-1-l/R-VC4AECOMM-546419/p
Bebidas,Whisky J&B escocés 1 l.,"13,70 €","13,70 €/l",https://www.carrefour.es/supermercado/whisky-jb-escoces-1-l-jb/R-521028299/p
Bebidas,Zumo de piña Juver exprimido sin azúcar brik 1 l.,"1,83 €","1,83 €/l",https://www.carrefour.es/supermercado/zumo-de-pina-juver-exprimido-sin-azucar-brik-1-l-juver/R-prod880066/p
Bebidas,Refresco de naranja Tang sin gas en polvo 30 g.,"0,49 €","16,33 €/kg",https://www.carrefour.es/supermercado/refresco-de-naranja-tang-sin-gas-en-polvo-30-g-tang/R-529039384/p
Bebidas,"Tinto de verano con limón sin alcohol Don Simón botella 1,5 l.","1,00 €","0,67 €/l",https://www.carrefour.es/supermercado/tinto-de-verano-con-limon-sin-alcohol-don-simon-botella-1-5-l-don-simon/R-527018083/p
Bebidas,Bebida espirituosa Veterano 1 l.,"8,25 €","8,25 €/l",https://www.carrefour.es/supermercado/bebida-espirituosa-veterano-1-l-veterano/R-520662692/p
Bebidas,Peñascal Rosado Joven,"3,15 €","3,15 €/ud",https://www.carrefour.es/supermercado/vino-de-aguja-rosado-penascal-75-cl-penascal/R-520662152/p
Bebidas,Vino sweet semi dulce blanco Alma de Valdeguerra 75 cl.,"3,60 €","3,60 €/ud",https://www.carrefour.es/supermercado/vino-sweet-semi-dulce-blanco-alma-de-valdeguerra-75-cl-alma-de-valdeguerra/R-590204413/p
Bebidas,Coca Cola light pack 2 botellas 2 l.,"3,44 €","0,86 €/l",https://www.carrefour.es/supermercado/coca-cola-light-pack-2-botellas-2-l-coca-cola/R-530604664/p
Bebidas,Johnnie Walker Double Black Whisky,"28,20 €","40,29 €/l",https://www.carrefour.es/supermercado/whisky-johnnie-walker-double-black-escoces-70-cl-johnnie-walker/R-640001871/p
Bebidas,Mosto Greip tinto botella 1 l.,"1,99 €","1,99 €/l",https://www.carrefour.es/supermercado/mosto-greip-tinto-botella-1-l-greip/R-530363204/p
Bebidas,"Font Vella La Limonada con hierbabuena sin gas zero azúcares botella 1,25 l.","1,38 €","1,10 €/l",https://www.carrefour.es/supermercado/font-vella-la-limonada-con-hierbabuena-sin-gas-zero-azucares-botella-1-25-l/R-VC4AECOMM-474599/p
Bebidas,Agua mineral Aquabona 50 cl.,"0,41 €","0,82 €/l",https://www.carrefour.es/supermercado/agua-mineral-aquabona-50-cl-aquabona/R-526627408/p
Bebidas,Zumo de pera ecológico Delizum botella 1 l.,"2,49 €","2,49 €/l",https://www.carrefour.es/supermercado/zumo-de-pera-ecologico-delizum-botella-1-l-delizum/R-864802141/p
Bebidas,"Néctar de piña Don Simón Disfruta sin azúcar añadido botella 1,5 l.","1,32 €","0,88 €/l",https://www.carrefour.es/supermercado/nectar-de-pina-don-simon-disfruta-sin-azucar-anadido-botella-1-5-l-don-simon/R-526627322/p
Bebidas,Trina de limón sin gas Zeo lata 33 cl.,"0,65 €","1,97 €/l",https://www.carrefour.es/supermercado/trina-de-limon-sin-gas-zeo-lata-33-cl-trina/R-prod830143/p
Bebidas,Zumo Sunny Delight Florida pack de 4 botellas de 20 cl.,"1,50 €","1,87 €/l",https://www.carrefour.es/supermercado/zumo-sunny-delight-florida-pack-de-4-botellas-de-20-cl-sunny-delight/R-713822880/p
Bebidas,Cerveza Damm Malquerida roja fresca botella 25 cl.,"0,59 €","2,36 €/l",https://www.carrefour.es/supermercado/cerveza-damm-malquerida-roja-fresca-botella-25-cl-damm/R-prod731548/p
Bebidas,Fanta de naranja botella 2 l.,"1,49 €","0,74 €/l",https://www.carrefour.es/supermercado/fanta-de-naranja-botella-2-l-fanta/R-520660555/p
Bebidas,Cerveza Ak Damm botella 33 cl.,"1,08 €","3,27 €/l",https://www.carrefour.es/supermercado/cerveza-ak-damm-botella-33-cl-ak-damm/R-520661158/p
Bebidas,Vino tinto crianza Marqués de Valido D.O. Ca. Rioja 75 cl.,"1,65 €","4,20 €/ud",https://www.carrefour.es/supermercado/vino-tinto-crianza-marques-de-valido-do-ca-rioja-75-cl/R-VC4AECOMM-432554/p
Bebidas,"Refresco de manzana Trina zero sin gas botella 1,5 l.","8,99 €","1,10 €/l",https://www.carrefour.es/supermercado/refresco-de-manzana-trina-zero-sin-gas-botella-1-5-l-trina/R-768503590/p
Bebidas,Bebida espirituosa Terry Centenario 1 l.,"0,72 €","8,99 €/l",https://www.carrefour.es/supermercado/bebida-espirituosa-terry-centenario-1-l-terry-centenario/R-649302119/p
Bebidas,Vino Carrefour tinto Carrefour brik 1 l.,"0,41 €","0,72 €/l",https://www.carrefour.es/supermercado/vino-carrefour-tinto-carrefour-brik-1-l-carrefour/R-prod880828/p
Bebidas,Cerveza negra Carrefour lata 33 cl.,"3,72 €","1,24 €/l",https://www.carrefour.es/supermercado/cerveza-negra-carrefour-lata-33-cl/R-VC4AECOMM-420556/p
Bebidas,Cerveza Budweiser Lager pack de 6 botellas de 25 cl.,"4,75 €","2,48 €/l",https://www.carrefour.es/supermercado/cerveza-budweiser-lager-pack-de-6-botellas-de-25-cl-budweiser/R-520661193/p
Bebidas,Vino tinto Vegas del Rivilla garrafa 5 l.,"0,99 €","0,95 €/l",https://www.carrefour.es/supermercado/vino-tinto-vegas-del-rivilla-garrafa-5-l-vegas-del-rivilla/R-730813864/p
Bebidas,Cerveza rubia Clausthaler sin alcohol sin filtrar botella 33 cl.,"1,94 €","3,00 €/l",https://www.carrefour.es/supermercado/cerveza-rubia-clausthaler-sin-alcohol-sin-filtrar-botella-33-cl-clausthaler/R-prod290234/p
Bebidas,Zumo pacífico zero sin azúcar añadido Bifrutas sin gluten pack de 3 briks de 330 ml.,"0,90 €","1,96 €/l",https://www.carrefour.es/supermercado/zumo-pacifico-zero-sin-azucar-anadido-bifrutas-sin-gluten-pack-de-3-briks-de-330-ml-bifrutas/R-prod850182/p
Bebidas,Cerveza tostada San Miguel Selecta botella 33 cl.,"1,65 €","2,73 €/l",https://www.carrefour.es/supermercado/cerveza-tostada-san-miguel-selecta-botella-33-cl-san-miguel/R-520661134/p
Bebidas,Cava Jaume Serra brut nature 75 cl.,"2,95 €","2,95 €/ud",https://www.carrefour.es/supermercado/cava-jaume-serra-brut-nature-75-cl-jaume-serra/R-521009214/p
Bebidas,Cerveza negra Estrella Galicia 0.0 alcohol pack 6 botellas 25 cl.,"4,05 €","2,70 €/l",https://www.carrefour.es/supermercado/cerveza-negra-estrella-galicia-00-alcohol-pack-6-botellas-25-cl/R-VC4AECOMM-485184/p
Bebidas,Cerveza Mahou Maestra tostada doble lúpulo lata 33 cl.,"0,84 €","2,55 €/l",https://www.carrefour.es/supermercado/cerveza-mahou-maestra-tostada-doble-lupulo-lata-33-cl-mahou/R-835367313/p
Bebidas,"Nestea de limón sin azúcar desteinado botella 1,5 l.","1,67 €","1,11 €/l",https://www.carrefour.es/supermercado/nestea-de-limon-sin-azucar-desteinado-botella-1-5-l-nestea/R-546003629/p
Bebidas,Dominio De Nogara Tinto 2019,"9,90 €","9,90 €/ud",https://www.carrefour.es/supermercado/vino-tinto-roble-dominio-de-nogara-do-ribera-del-duero-75-cl-dominio-de-nogara/R-fprod1200276/p
Bebidas,Agua mineral con gas Fonter 1 l.,"0,99 €","0,99 €/l",https://www.carrefour.es/supermercado/agua-mineral-con-gas-fonter-1-l/R-VC4AECOMM-475711/p
Bebidas,Monster Ultra zero azúcar bebida energética lata 50 cl.,"1,49 €","2,98 €/l",https://www.carrefour.es/supermercado/monster-ultra-zero-azucar-bebida-energetica-lata-50-cl-monster/R-839204772/p
Bebidas,Néctar de naranja Carrefour brik 1 l.,"0,63 €","0,63 €/l",https://www.carrefour.es/supermercado/nectar-de-naranja-carrefour-brik-1-l-carrefour/R-780686964/p
Bebidas,Kas de naranja botella de 33 cl.,"0,67 €","2,03 €/l",https://www.carrefour.es/supermercado/kas-de-naranja-botella-de-33-cl-kas/R-551302839/p
Bebidas,Vino D.O. La Mancha tinto crianza Viña Lobón 75 cl.,"1,50 €","1,50 €/ud",https://www.carrefour.es/supermercado/vino-do-la-mancha-tinto-crianza-vina-lobon-75-cl-vina-lobon/R-855503721/p
Bebidas,Cerveza Cruzcampo Ipa Andalusian lata de 33 cl.,"1,00 €","3,03 €/l",https://www.carrefour.es/supermercado/cerveza-cruzcampo-ipa-andalusian-lata-de-33-cl/R-VC4AECOMM-476322/p
Bebidas,"Néctar de piña Granini botella 1,5 l.","3,32 €","2,21 €/l",https://www.carrefour.es/supermercado/nectar-de-pina-granini-botella-1-5-l-granini/R-520660898/p
Bebidas,Finca Resalso Tinto 2019,"8,50 €","8,50 €/ud",https://www.carrefour.es/supermercado/vino-tinto-finca-resalso-do-ribera-del-duero-75-cl-finca-resalso/R-686412128/p
Bebidas,Cerveza Damm Lemon con limón lata 33 cl.,"0,64 €","1,94 €/l",https://www.carrefour.es/supermercado/cerveza-damm-lemon-con-limon-lata-33-cl-damm-lemon/R-530913226/p
Bebidas,"Cerveza tostada Amstel 0,0 Radler con limón lata 33 cl.","0,66 €","2,00 €/l",https://www.carrefour.es/supermercado/cerveza-tostada-amstel-0-0-radler-con-limon-lata-33-cl/R-VC4AECOMM-476378/p
Bebidas,Cerveza Damm Lemon con limón botella 25 cl.,"0,52 €","2,08 €/l",https://www.carrefour.es/supermercado/cerveza-damm-lemon-con-limon-botella-25-cl-damm-lemon/R-prod180432/p
Bebidas,Marqués De Cáceres Tinto 2016,"7,30 €","7,30 €/ud",https://www.carrefour.es/supermercado/vino-do-rioja-tinto-crianza-marques-de-caceres-75-cl-marques-de-caceres/R-520662397/p
Bebidas,7UP de lima-limón botella 33 cl.,"0,65 €","1,97 €/l",https://www.carrefour.es/supermercado/7up-de-lima-limon-botella-33-cl-7up/R-638301667/p
Bebidas,Zumo de uva roja ecológico Delizum botella 1 l.,"2,75 €","2,75 €/l",https://www.carrefour.es/supermercado/zumo-de-uva-roja-ecologico-delizum-botella-1-l-delizum/R-590214039/p
Bebidas,Zumo de naranja Don Simón-Disfruta brik 2 l.,"1,98 €","0,99 €/l",https://www.carrefour.es/supermercado/zumo-de-naranja-don-simon-disfruta-brik-2-l-don-simon-disfruta/R-749802401/p
Bebidas,Muyfina Generoso,"3,10 €","3,10 €/ud",https://www.carrefour.es/supermercado/manzanilla-do-sanlucar-de-barrameda-muy-fina-75-cl-muy-fina/R-520662938/p
Bebidas,Tónica Royal Bliss berry sensation botella 20 cl.,"0,98 €","4,90 €/l",https://www.carrefour.es/supermercado/tonica-royal-bliss-berry-sensation-botella-20-cl-royal-bliss/R-prod1022375/p
Bebidas,Monster Ultra Red zero azúcar bebida energética lata 50 cl.,"1,49 €","2,98 €/l",https://www.carrefour.es/supermercado/monster-ultra-red-zero-azucar-bebida-energetica-lata-50-cl-monster/R-839205016/p
Bebidas,"Agua mineral Font Vella Levité con zumo de naranja 1,25 l.","1,27 €","1,02 €/l",https://www.carrefour.es/supermercado/agua-mineral-font-vella-levite-con-zumo-de-naranja-1-25-l-font-vella/R-768805764/p
Bebidas,Cerveza Shandy Cruzcampo sabor limón pack 12 botellas 33 cl.,"7,85 €","1,98 €/l",https://www.carrefour.es/supermercado/cerveza-shandy-cruzcampo-sabor-limon-pack-12-botellas-33-cl-cruzcampo/R-prod1150252/p
Bebidas,Tónica Carrefour pack de 6 botellas de 20 cl.,"1,50 €","1,25 €/l",https://www.carrefour.es/supermercado/tonica-carrefour-pack-de-6-botellas-de-20-cl-carrefour/R-521028109/p
Bebidas,Cerveza Cruzcampo Especial pack de 10 latas de 33 cl.,"1,20 €","1,85 €/l",https://www.carrefour.es/supermercado/cerveza-cruzcampo-especial-pack-de-10-latas-de-33-cl/R-VC4AECOMM-476324/p
Bebidas,Coca Cola botella 50 cl.,"1,30 €","2,40 €/l",https://www.carrefour.es/supermercado/coca-cola-botella-50-cl-coca-cola/R-520660461/p
Bebidas,Zumo tropical Carrefour pack de 6 briks de 20 cl.,"4,16 €","1,08 €/l",https://www.carrefour.es/supermercado/zumo-tropical-carrefour-pack-de-6-briks-de-20-cl-carrefour/R-694608976/p
Bebidas,Kombucha de jengibre y limón ecológico Komvida botella 50 cl.,"3,55 €","8,32 €/l",https://www.carrefour.es/supermercado/kombucha-de-jengibre-y-limon-ecologico-komvida-botella-50-cl/R-fprod1310078/p
Bebidas,"Pepsi Max zero cafeína pack 4 botellas 1,25 l.","1,15 €","0,71 €/l",https://www.carrefour.es/supermercado/pepsi-max-zero-cafeina-pack-4-botellas-1-25-l/R-VC4AECOMM-495709/p
Bebidas,"Tinto de verano con limón Don Simón botella 1,5 l.","3,32 €","0,77 €/l",https://www.carrefour.es/supermercado/tinto-de-verano-con-limon-don-simon-botella-1-5-l-don-simon/R-520661451/p
Bebidas,Coca Cola zero azúcar pack 4 botellas 20 cl.,"1,49 €","4,15 €/l",https://www.carrefour.es/supermercado/coca-cola-zero-azucar-pack-4-botellas-20-cl/R-VC4AECOMM-433514/p
Bebidas,Monster Mango Loco bebida energética 50 cl.,"2,33 €","2,98 €/l",https://www.carrefour.es/supermercado/monster-mango-loco-bebida-energetica-50-cl-monster/R-fprod1200274/p
Bebidas,"Red Bull bebida energética 47,3 cl.","1,20 €","4,93 €/l",https://www.carrefour.es/supermercado/red-bull-bebida-energetica-47-3-cl-red-bull/R-556201511/p
Bebidas,Refresco de té verde sabor menta-lima Lipton botella 1 l.,"12,97 €","1,20 €/l",https://www.carrefour.es/supermercado/refresco-de-te-verde-sabor-menta-lima-lipton-botella-1-l-lipton/R-prod760302/p
Bebidas,"Vermut Martini blanco 1,5 l.","0,59 €","8,65 €/l",https://www.carrefour.es/supermercado/vermut-martini-blanco-1-5-l-martini/R-546306882/p
Bebidas,Cerveza Mahou Clásica lata 33 cl.,"1,27 €","1,79 €/l",https://www.carrefour.es/supermercado/cerveza-mahou-clasica-lata-33-cl-mahou-clasica/R-520661319/p
Bebidas,"Agua mineral Font Vella Levité con zumo de piña 1,25 l.","1,20 €","1,02 €/l",https://www.carrefour.es/supermercado/agua-mineral-font-vella-levite-con-zumo-de-pina-1-25-l-font-vella/R-796400299/p
Bebidas,Aquarius sabor limón botella 50 cl.,"0,49 €","2,40 €/l",https://www.carrefour.es/supermercado/aquarius-sabor-limon-botella-50-cl-aquarius/R-520660733/p
Bebidas,Gaseosa La Casera cero calorías lata 33 cl.,"1,98 €","1,48 €/l",https://www.carrefour.es/supermercado/gaseosa-la-casera-cero-calorias-lata-33-cl-la-casera/R-522713427/p
Bebidas,Zumo tropical zero sin azúcar añadido Bifrutas sin gluten pack de 3 briks de 330 ml.,"1,75 €","2,00 €/l",https://www.carrefour.es/supermercado/zumo-tropical-zero-sin-azucar-anadido-bifrutas-sin-gluten-pack-de-3-briks-de-330-ml-bifrutas/R-prod72354/p
Bebidas,Ginger Ale Schweppes botella 1 l.,"10,75 €","1,75 €/l",https://www.carrefour.es/supermercado/ginger-ale-schweppes-botella-1-l-schweppes/R-589802658/p
Bebidas,Whisky Ballantine's escocés 70 cl.,"12,00 €","15,36 €/l",https://www.carrefour.es/supermercado/whisky-ballantines-escoces-70-cl-ballantines/R-521028329/p
Bebidas,Estuche 3 Bot. Banda Azul Tinto 2017,"1,43 €","12,00 €/ud",https://www.carrefour.es/supermercado/lote-93-estuche-con-3-botellas-de-vino-do-ca-rioja-federico-paternina-banda-azul-vendimia-seleccionada-tinto-crianza-75-cl-federico-paternina/R-prod970660/p
Bebidas,Néctar de naranja Granini GO! pack 3 briks 200 ml.  ,"13,99 €","2,38 €/l",https://www.carrefour.es/supermercado/nectar-de-naranja-granini-go-pack-3-briks-200-ml-granini/R-538002034/p
Bebidas,Ron Barceló añejo 70 cl.,"3,10 €","19,99 €/l",https://www.carrefour.es/supermercado/ron-barcelo-anejo-70-cl-barcelo/R-520662987/p
Bebidas,Refresco de cola Pepsi light pack de 2 botellas de 2 l.,"2,50 €","0,62 €/l",https://www.carrefour.es/supermercado/refresco-de-cola-pepsi-light-pack-de-2-botellas-de-2-l-pepsi/R-520660503/p
Bebidas,Vino D.O. Ribera del Duero tinto Altos de Tamarón 75 cl.,"3,75 €","3,75 €/ud",https://www.carrefour.es/supermercado/vino-do-ribera-del-duero-tinto-altos-de-tamaron-75-cl-altos-de-tamaron/R-520662568/p
Bebidas,Coca Cola zero botella 2 l.,"1,80 €","0,90 €/l",https://www.carrefour.es/supermercado/coca-cola-zero-botella-2-l-coca-cola/R-520660497/p
Bebidas,"Cerveza San Miguel 0,0 con limón pack de 6 botellas de 25 cl.","2,54 €","1,69 €/l",https://www.carrefour.es/supermercado/cerveza-san-miguel-0-0-con-limon-pack-de-6-botellas-de-25-cl-san-miguel/R-prod231298/p
Bebidas,Cerveza Mahou Mixta Shandy con limón pack de 6 botellas de 25 cl.,"3,04 €","2,03 €/l",https://www.carrefour.es/supermercado/cerveza-mahou-mixta-shandy-con-limon-pack-de-6-botellas-de-25-cl-mixta-mahou/R-521014384/p
Bebidas,Bebida espirituosa Felipe II 70 cl.,"1,95 €","10,36 €/l",https://www.carrefour.es/supermercado/bebida-espirituosa-felipe-ii-70-cl-felipe-ii/R-823507463/p
Bebidas,Espumoso Pink Moscato Don Luciano 75 cl.,"7,40 €","1,95 €/ud",https://www.carrefour.es/supermercado/espumoso-pink-moscato-don-luciano-75-cl-don-luciano/R-829118126/p
Bebidas,Zumo de naranja Zumosol sin pulpa brik 1 l.,"1,15 €","1,79 €/l",https://www.carrefour.es/supermercado/zumo-de-naranja-zumosol-sin-pulpa-brik-1-l-zumosol/R-836808287/p
Bebidas,Marques De Riscal Verdejo Blanco 2019,"1,65 €","7,40 €/ud",https://www.carrefour.es/supermercado/vino-blanco-ecologico-marques-de-riscal-do-rueda-75-cl-marques-de-riscal/R-521011835/p
Bebidas,Cerveza Mahou Maestra Dunkel lager oscura botella 33 cl.,"1,87 €","3,48 €/l",https://www.carrefour.es/supermercado/cerveza-mahou-maestra-dunkel-lager-oscura-botella-33-cl-mahou/R-prod970898/p
Bebidas,"Zumo california Sunny Delight 1,25 l.","1,87 €","1,32 €/l",https://www.carrefour.es/supermercado/zumo-california-sunny-delight-1-25-l-sunny-delight/R-715627914/p
Bebidas,Vino tinto crianza Sabasan D.O.Navarra 75 cl.,"1,02 €","1,87 €/ud",https://www.carrefour.es/supermercado/vino-tinto-crianza-sabasan-donavarra-75-cl/R-VC4AECOMM-493473/p
Bebidas,Coca Cola botella 1 l.,"1,03 €","1,87 €/l",https://www.carrefour.es/supermercado/coca-cola-botella-1-l-coca-cola/R-prod280233/p
Bebidas,Burn bebida energética lata 50 cl.,"0,91 €","2,04 €/l",https://www.carrefour.es/supermercado/burn-bebida-energetica-lata-50-cl-burn/R-651302958/p
Bebidas,Zumo de piña y uva Don Simón exprimido pack de 3 briks de 20 cl.,"3,50 €","1,72 €/l",https://www.carrefour.es/supermercado/zumo-de-pina-y-uva-don-simon-exprimido-pack-de-3-briks-de-20-cl-don-simon/R-546102628/p
Bebidas,Vino tinto Fuenteviña botella 75 cl.,"1,49 €","1,21 €/l",https://www.carrefour.es/supermercado/vino-tinto-fuentevina-botella-75-cl-fuentevina/R-793945517/p
Bebidas,Vino Lambrusco rosado Amabile dell' Emilia Collezione Amore Bautista Marti 75 cl.,"1,49 €","3,50 €/ud",https://www.carrefour.es/supermercado/vino-lambrusco-rosado-amabile-dell-emilia-collezione-amore-bautista-marti-75-cl-bautista-marti/R-799715332/p
Bebidas,Monster Rehab bebida energética lata 50 cl.,"1,06 €","2,98 €/l",https://www.carrefour.es/supermercado/monster-rehab-bebida-energetica-lata-50-cl-monster/R-698405769/p
Bebidas,Minute Maid Limon&Nada ligero botella 1 l.,"2,09 €","1,49 €/l",https://www.carrefour.es/supermercado/minute-maid-limonnada-ligero-botella-1-l-minute-maid/R-713621856/p
Bebidas,Vino tinto Carrefour pack de 3 briks de 20 cl.,"13,80 €","1,77 €/l",https://www.carrefour.es/supermercado/vino-tinto-carrefour-pack-de-3-briks-de-20-cl-carrefour/R-546003441/p
Bebidas,Zumo de melocotón y uva ecológico Carrefour Bio brik 1 l.,"1,59 €","2,09 €/l",https://www.carrefour.es/supermercado/zumo-de-melocoton-y-uva-ecologico-carrefour-bio-brik-1-l-carrefour-bio/R-521015875/p
Bebidas,Ron Brugal añejo superior 70 cl.,"0,65 €","19,71 €/l",https://www.carrefour.es/supermercado/ron-brugal-anejo-superior-70-cl-brugal/R-520662989/p
Bebidas,Coca Cola botella 2 l.,"1,80 €","0,90 €/l",https://www.carrefour.es/supermercado/coca-cola-botella-2-l-coca-cola/R-520660463/p
Bebidas,Habla Del Silencio Tinto 2018,"10,50 €","10,50 €/ud",https://www.carrefour.es/supermercado/vino-de-la-tierra-de-extremadura-tinto-crianza-habla-del-silencio-75-cl-habla-del-silencio/R-595501671/p
Bebidas,El Coto Blanco 2019,"3,85 €","3,85 €/ud",https://www.carrefour.es/supermercado/vino-do-rioja-blanco-el-coto-75-cl-el-coto/R-520661493/p
Bebidas,Azpilicueta Tinto Crianza 2016,"8,50 €","8,50 €/ud",https://www.carrefour.es/supermercado/vino-do-rioja-tinto-crianza-azpilicueta-75-cl-azpilicueta/R-520662409/p
Bebidas,"Néctar de cóctel de frutas Granini botella 1,5 l. ","3,32 €","2,21 €/l",https://www.carrefour.es/supermercado/nectar-de-coctel-de-frutas-granini-botella-1-5-l-granini/R-636701747/p
Bebidas,Kas de naranja lata de 33 cl.,"0,54 €","1,64 €/l",https://www.carrefour.es/supermercado/kas-de-naranja-lata-de-33-cl-kas/R-520660563/p
Bebidas,Vino blanco Chardonnay Faustino Rivero V.T.Castilla75 cl.,"3,80 €","3,80 €/ud",https://www.carrefour.es/supermercado/vino-blanco-chardonnay-faustino-rivero-vtcastilla75-cl-faustino-rivero-ulecia/R-870701853/p
Bebidas,Cerveza tostada Mort Subite Kriek Lambic botella 25 cl.,"1,90 €","7,60 €/l",https://www.carrefour.es/supermercado/cerveza-tostada-mort-subite-kriek-lambic-botella-25-cl-mort-subite/R-589802332/p
Bebidas,"Zumo de mandarina Simon Life botella 1,5 l.","1,50 €","1,00 €/l",https://www.carrefour.es/supermercado/zumo-de-mandarina-simon-life-botella-1-5-l-simon-life/R-521030006/p
Bebidas,Vino D.O. Rueda blanco verdejo Tres Reinos 75 cl.,"1,99 €","1,99 €/ud",https://www.carrefour.es/supermercado/vino-do-rueda-blanco-verdejo-tres-reinos-75-cl-tres-reinos/R-fprod1320043/p
Bebidas,Cerveza Estrella Damm mediterránea lata 33 cl.,"0,69 €","2,09 €/l",https://www.carrefour.es/supermercado/cerveza-estrella-damm-mediterranea-lata-33-cl-estrella-damm/R-521011911/p
Bebidas,Zumo de pera y piña Juver-Disfruta sin azúcar añadido pack de 6 briks de 20 cl.,"2,39 €","1,99 €/l",https://www.carrefour.es/supermercado/zumo-de-pera-y-pina-juver-disfruta-sin-azucar-anadido-pack-de-6-briks-de-20-cl-juver-disfruta/R-590216247/p
Bebidas,Cerveza Ambar Indian Pale Ale botella 33 cl.,"1,47 €","4,45 €/l",https://www.carrefour.es/supermercado/cerveza-ambar-indian-pale-ale-botella-33-cl-ambar/R-prod740068/p
Bebidas,Zumo de naranja Carrefour botella 1 l.,"2,79 €","2,79 €/l",https://www.carrefour.es/supermercado/zumo-de-naranja-carrefour-botella-1-l-carrefour/R-827324485/p
Bebidas,Tónica Nordic Mist botella 1 l.,"1,38 €","1,38 €/l",https://www.carrefour.es/supermercado/tonica-nordic-mist-botella-1-l-nordic-mist/R-700809204/p
Bebidas,Zumo Ibiza zero sin azúcar añadido Bifrutas sin gluten pack de 3 briks de 330 ml.,"1,94 €","1,96 €/l",https://www.carrefour.es/supermercado/zumo-ibiza-zero-sin-azucar-anadido-bifrutas-sin-gluten-pack-de-3-briks-de-330-ml-bifrutas/R-prod850183/p
Bebidas,Schweppes de limón Zero botella 1 l.,"1,75 €","1,75 €/l",https://www.carrefour.es/supermercado/schweppes-de-limon-zero-botella-1-l-schweppes/R-714713239/p
Bebidas,Vermut San Bernabé gran reserva 1 l.,"4,80 €","4,80 €/l",https://www.carrefour.es/supermercado/vermut-san-bernabe-gran-reserva-1-l-san-bernabe/R-520663118/p
Bebidas,Beronia Tinto Crianza 2017,"6,90 €","6,90 €/ud",https://www.carrefour.es/supermercado/vino-do-rioja-tinto-crianza-beronia-75-cl-beronia/R-520662393/p
Bebidas,Ginebra Bombay Sapphire English Estate 70 cl.,"1,55 €","31,36 €/l",https://www.carrefour.es/supermercado/ginebra-bombay-sapphire-english-estate-70-cl-bombay-sapphire/R-fprod1200029/p
Bebidas,"Zumo de uva roja, granada y grosella Carrefour Selección exprimido botella75 cl.","0,72 €","2,07 €/l",https://www.carrefour.es/supermercado/zumo-de-uva-roja-granada-y-grosella-carrefour-seleccion-exprimido-botella75-cl-carrefour-seleccion/R-578501590/p
Bebidas,Cerveza Daura sin gluten lata 33 cl.,"1,35 €","2,18 €/l",https://www.carrefour.es/supermercado/cerveza-daura-sin-gluten-lata-33-cl-daura/R-816214798/p
Bebidas,Cerveza Hoegaarden blanca de trigo botella 33 cl.,"1,40 €","4,09 €/l",https://www.carrefour.es/supermercado/cerveza-hoegaarden-blanca-de-trigo-botella-33-cl-hoegaarden/R-520661245/p
Bebidas,Blume Blanco 2019,"4,75 €","4,75 €/ud",https://www.carrefour.es/supermercado/vino-do-rueda-blanco-verdejo-blume-75-cl-blume/R-521010494/p
Bebidas,"Vermut Zarro rojo de grifo 1,5 l.","5,50 €","3,67 €/l",https://www.carrefour.es/supermercado/vermut-zarro-rojo-de-grifo-1-5-l-zarro/R-795705152/p
Bebidas,Cava Freixenet semiseco pack de 3 botellas de 20 cl.,"5,00 €","5,00 €/ud",https://www.carrefour.es/supermercado/cava-freixenet-semiseco-pack-de-3-botellas-de-20-cl-freixenet/R-520662223/p
Bebidas,Brandy Espléndido 1 l.,"8,65 €","8,65 €/l",https://www.carrefour.es/supermercado/brandy-esplendido-1-l-esplendido/R-prod300219/p
Bebidas,Schweppes citrus lata 33 cl.,"0,79 €","2,39 €/l",https://www.carrefour.es/supermercado/schweppes-citrus-lata-33-cl/R-VC4AECOMM-424073/p
Bebidas,Vino D.O. Rueda blanco verdejo Apoteosis 75 cl.,"3,39 €","3,39 €/ud",https://www.carrefour.es/supermercado/vino-do-rueda-blanco-verdejo-apoteosis-75-cl-apoteosis/R-788499221/p
Bebidas,Fanta de piña sin azúcares añadidos lata 33 cl.,"0,57 €","1,73 €/l",https://www.carrefour.es/supermercado/fanta-de-pina-sin-azucares-anadidos-lata-33-cl-fanta/R-586101635/p
Bebidas,Vino tinto crianza ecológico Carrizal D.O.Ca Rioja 75 cl.,"6,20 €","6,20 €/ud",https://www.carrefour.es/supermercado/vino-tinto-crianza-ecologico-carrizal-doca-rioja-75-cl/R-VC4AECOMM-444237/p
Bebidas,7UP de lima-limón pack 12 latas 33 cl.,"4,88 €","1,23 €/l",https://www.carrefour.es/supermercado/7up-de-lima-limon-pack-12-latas-33-cl-7up/R-521034136/p
Bebidas,Cerveza Erdinger Weissbier alemana de trigo botella 50 cl,"1,30 €","2,60 €/l",https://www.carrefour.es/supermercado/cerveza-erdinger-weissbier-alemana-de-trigo-botella-50-cl-erdinger/R-521028224/p
Bebidas,Zumo de fruta y leche Don Simón Caribe pack de 6 briks de 20 cl.,"1,10 €","0,92 €/l",https://www.carrefour.es/supermercado/zumo-de-fruta-y-leche-don-simon-caribe-pack-de-6-briks-de-20-cl-don-simon/R-fprod1190590/p
Bebidas,Refresco de té Carrefour sabor limón lata 33 cl.,"0,30 €","0,91 €/l",https://www.carrefour.es/supermercado/refresco-de-te-carrefour-sabor-limon-lata-33-cl-carrefour/R-814300275/p
Bebidas,Whisky Johnnie Walker Red Label escocés 70 cl.,"12,50 €","17,86 €/l",https://www.carrefour.es/supermercado/whisky-johnnie-walker-red-label-escoces-70-cl-johnnie-walker/R-521028333/p
Bebidas,"Nestea te negro de mango-piña bajo en calorías botella 1,5 l.","1,67 €","1,11 €/l",https://www.carrefour.es/supermercado/nestea-te-negro-de-mango-pina-bajo-en-calorias-botella-1-5-l-nestea/R-590204439/p
Bebidas,Kombucha de frutos rojos ecológico Komvida botella 50 cl.,"4,16 €","8,32 €/l",https://www.carrefour.es/supermercado/kombucha-de-frutos-rojos-ecologico-komvida-botella-50-cl/R-fprod1310079/p
Bebidas,Red Bull bebida energética pack de 8 latas de 25 cl.,"8,87 €","4,43 €/l",https://www.carrefour.es/supermercado/red-bull-bebida-energetica-pack-de-8-latas-de-25-cl-red-bull/R-520660777/p
Bebidas,Cerveza Carrefour Holandesa lata 50 cl.,"0,38 €","0,76 €/l",https://www.carrefour.es/supermercado/cerveza-carrefour-holandesa-lata-50-cl-carrefour/R-816214238/p
Bebidas,Cerveza rubia Judas botella 33 cl.,"1,90 €","5,76 €/l",https://www.carrefour.es/supermercado/cerveza-rubia-judas-botella-33-cl-judas/R-520661185/p
Bebidas,Cerveza Carrefour Radler con limón pack de 12 latas de 33 cl.,"4,20 €","1,06 €/l",https://www.carrefour.es/supermercado/cerveza-carrefour-radler-con-limon-pack-de-12-latas-de-33-cl/R-fprod1480019/p
Bebidas,Estola Tinto Reserva 2016,"3,65 €","3,65 €/ud",https://www.carrefour.es/supermercado/vino-do-la-mancha-tinto-reserva-estola-75-cl-estola/R-520662815/p
Bebidas,Monster Punch bebida energética lata 50 cl.,"1,49 €","2,98 €/l",https://www.carrefour.es/supermercado/monster-punch-bebida-energetica-lata-50-cl-monster/R-prod800264/p
Bebidas,Zumo de naranja Juver exprimido con pulpa brik 1 l.,"1,59 €","1,59 €/l",https://www.carrefour.es/supermercado/zumo-de-naranja-juver-exprimido-con-pulpa-brik-1-l/R-VC4AECOMM-615267/p
Bebidas,"Cerveza Amstel 0,0 sin alcohol pura malta lata 33 cl.","0,61 €","1,85 €/l",https://www.carrefour.es/supermercado/cerveza-amstel-0-0-sin-alcohol-pura-malta-lata-33-cl-amstel-0-0/R-593401852/p
Bebidas,Vino dulce Málaga Virgen 75 cl.,"5,95 €","5,95 €/ud",https://www.carrefour.es/supermercado/vino-dulce-malaga-virgen-75-cl-malaga-virgen/R-520662124/p
Bebidas,Zumo tropical Don Simon pack de 6 briks de 20 cl.,"1,10 €","0,92 €/l",https://www.carrefour.es/supermercado/zumo-tropical-don-simon-pack-de-6-briks-de-20-cl-don-simon/R-615201654/p
Bebidas,Ron Brugal añejo superior 1 l.,"17,24 €","17,24 €/l",https://www.carrefour.es/supermercado/ron-brugal-anejo-superior-1-l-brugal/R-521010630/p
Bebidas,Bebida de fruta naranja Granini sin azúcar añadido botella 1 l. ,"2,32 €","2,32 €/l",https://www.carrefour.es/supermercado/bebida-de-fruta-naranja-granini-sin-azucar-anadido-botella-1-l-granini/R-651402206/p
Bebidas,Cerveza Coronita pack de 10 botellas de 21 cl.,"7,13 €","3,40 €/l",https://www.carrefour.es/supermercado/cerveza-coronita-pack-de-10-botellas-de-21-cl-coronita/R-prod372275/p
Bebidas,"Cerveza Buckler 0,0 alcohol malta lata 33 cl.","0,57 €","1,73 €/l",https://www.carrefour.es/supermercado/cerveza-buckler-0-0-alcohol-malta-lata-33-cl-buckler-0-0/R-520661372/p
Bebidas,Refresco de té verde sabor melocotón Lipton botella 1 l.,"1,20 €","1,20 €/l",https://www.carrefour.es/supermercado/refresco-de-te-verde-sabor-melocoton-lipton-botella-1-l-lipton/R-prod760303/p
Bebidas,Anna De Codorniu,"9,35 €","9,35 €/ud",https://www.carrefour.es/supermercado/cava-codorniu-anna-brut-nature-75-cl-codorniu-anna/R-596301676/p
Bebidas,Vino D.O. Ribera del Duero tinto roble Tres Reinos 75 cl.,"3,15 €","3,15 €/ud",https://www.carrefour.es/supermercado/vino-do-ribera-del-duero-tinto-roble-tres-reinos-75-cl-tres-reinos/R-590208325/p
Bebidas,Aquarius sabor naranja botella 50 cl.,"1,20 €","2,40 €/l",https://www.carrefour.es/supermercado/aquarius-sabor-naranja-botella-50-cl-aquarius/R-520660731/p
Bebidas,Tónica Fever Tree Premium Indian pack de 4 botellas de,"5,33 €","6,66 €/l",https://www.carrefour.es/supermercado/tonica-fever-tree-premium-indian-pack-de-4-botellas-de-fever-tree/R-589802152/p
Bebidas,Vermut Forteni blanco 1 l.,"1,99 €","1,99 €/l",https://www.carrefour.es/supermercado/vermut-forteni-blanco-1-l-forteni/R-520663126/p
Bebidas,Cerveza artesana Carrefour Sensation Reserva botella 33 cl.,"0,66 €","2,00 €/l",https://www.carrefour.es/supermercado/cerveza-artesana-carrefour-sensation-reserva-botella-33-cl/R-VC4AECOMM-573250/p
Bebidas,Coca Cola zero azúcar botella 50 cl.,"1,20 €","2,40 €/l",https://www.carrefour.es/supermercado/coca-cola-zero-azucar-botella-50-cl-coca-cola/R-520660501/p
Bebidas,Cerveza Guinness Original irlandesa negra botella 33 cl.,"1,40 €","4,24 €/l",https://www.carrefour.es/supermercado/cerveza-guinness-original-irlandesa-negra-botella-33-cl-guinness/R-564401540/p
Bebidas,Cava Castell del Llac artesano brut nature 75 cl.,"2,20 €","2,20 €/ud",https://www.carrefour.es/supermercado/cava-castell-del-llac-artesano-brut-nature-75-cl-castell-del-llac/R-520662195/p
Bebidas,Agua mineral con gas Perrier natural lata 25 cl.,"0,71 €","2,84 €/l",https://www.carrefour.es/supermercado/agua-mineral-con-gas-perrier-natural-lata-25-cl-perrier/R-805505199/p
Bebidas,"Agua mineral Teleno natural 2,5 l.","0,52 €","0,21 €/l",https://www.carrefour.es/supermercado/agua-mineral-teleno-natural-2-5-l-teleno/R-819255922/p
Bebidas,Powerade Ice Storm pack 4 botellas 50 cl.,"4,40 €","2,20 €/l",https://www.carrefour.es/supermercado/powerade-ice-storm-pack-4-botellas-50-cl-powerade/R-520660775/p
Bebidas,Néctar de pomelo rosa Granini Selección botella 1 l.,"2,33 €","2,33 €/l",https://www.carrefour.es/supermercado/nectar-de-pomelo-rosa-granini-seleccion-botella-1-l-granini/R-520660959/p
Bebidas,Cerveza Carrefour extra 7% pack de 6 latas de 33 cl.,"2,40 €","1,21 €/l",https://www.carrefour.es/supermercado/cerveza-carrefour-extra-7-pack-de-6-latas-de-33-cl-carrefour/R-590208039/p
Bebidas,Cerveza Daura sin gluten botella 33 cl.,"1,00 €","3,03 €/l",https://www.carrefour.es/supermercado/cerveza-daura-sin-gluten-botella-33-cl-daura/R-589802508/p
Bebidas,7UP Free de lima-limón sin azúcar botella 2 l.,"1,32 €","0,66 €/l",https://www.carrefour.es/supermercado/7up-free-de-lima-limon-sin-azucar-botella-2-l-7up/R-521011638/p
Bebidas,Cerveza artesana Carrefour Sensation Sin Gluten botella 33 cl.,"0,76 €","2,30 €/l",https://www.carrefour.es/supermercado/cerveza-artesana-carrefour-sensation-sin-gluten-botella-33-cl/R-VC4AECOMM-573248/p
Bebidas,Ruavieja Crema Cremas,"11,90 €","17,00 €/l",https://www.carrefour.es/supermercado/crema-de-orujo-ruavieja-70-cl-ruavieja/R-521015515/p
Bebidas,Licor de hierbas Puntemiño 70 cl.,"5,69 €","8,13 €/l",https://www.carrefour.es/supermercado/licor-de-hierbas-puntemino-70-cl-puntemino/R-prod620197/p
Bebidas,Tang de limón sin gas en polvo 30 g.,"0,49 €","16,33 €/kg",https://www.carrefour.es/supermercado/tang-de-limon-sin-gas-en-polvo-30-g-tang/R-529039382/p
Bebidas,Zumo de naranja y zanahoria ecológico Delizum botella 1 l.,"3,00 €","3,00 €/l",https://www.carrefour.es/supermercado/zumo-de-naranja-y-zanahoria-ecologico-delizum-botella-1-l-delizum/R-864802143/p
Bebidas,Zumo de pera y piña Juver-Disfruta sin azúcar añadido añadido brik 2 l.,"2,54 €","1,27 €/l",https://www.carrefour.es/supermercado/zumo-de-pera-y-pina-juver-disfruta-sin-azucar-anadido-anadido-brik-2-l-juver-disfruta/R-521009200/p
Bebidas,Vino D.O Rioja Antaño tinto crianza 6 botellas de 75 cl.,"1,08 €","16,00 €/ud",https://www.carrefour.es/supermercado/vino-do-rioja-antano-tinto-crianza-6-botellas-de-75-cl-antano/R-624601964/p
Bebidas,Cerveza rubia San Miguel Manila botella 33 cl.,"0,50 €","3,27 €/l",https://www.carrefour.es/supermercado/cerveza-rubia-san-miguel-manila-botella-33-cl-san-miguel/R-prod700475/p
Bebidas,Bebida energética Energy Carrefour 50 cl.,"0,88 €","1,00 €/l",https://www.carrefour.es/supermercado/bebida-energetica-energy-carrefour-50-cl/R-VC4AECOMM-443063/p
Bebidas,Agua mineral con gas Vichy Catalán natural sabor lima-limón 33 cl.,"1,20 €","2,67 €/l",https://www.carrefour.es/supermercado/agua-mineral-con-gas-vichy-catalan-natural-sabor-lima-limon-33-cl-vichy-catalan/R-714518198/p
Bebidas,Kas de naranja zero botella de 2 l.,"11,80 €","0,60 €/l",https://www.carrefour.es/supermercado/kas-de-naranja-zero-botella-de-2-l-kas/R-521034952/p
Bebidas,Yzaguirre,"2,16 €","11,80 €/l",https://www.carrefour.es/supermercado/vermut-yzaguirre-reserva-rojo-1-l-yzaguirre/R-538408239/p
Bebidas,Sprite de lima limón pack 6 latas 20 cl.,"0,72 €","1,80 €/l",https://www.carrefour.es/supermercado/sprite-de-lima-limon-pack-6-latas-20-cl/R-VC4AECOMM-432268/p
Bebidas,Cerveza tostada Amstel Oro lata 33 cl.,"1,65 €","2,18 €/l",https://www.carrefour.es/supermercado/cerveza-tostada-amstel-oro-lata-33-cl-amstel-oro/R-799114254/p
Bebidas,Cerveza Mahou Barrica Original botella 33 cl.,"0,59 €","5,00 €/l",https://www.carrefour.es/supermercado/cerveza-mahou-barrica-original-botella-33-cl-mahou/R-858900436/p
Bebidas,Agua mineral Aquarel 75 cl.,"2,90 €","0,79 €/l",https://www.carrefour.es/supermercado/agua-mineral-aquarel-75-cl-aquarel/R-prod1120656/p
Bebidas,Manzanilla D.O. Sanlúcar de Barrameda Los Jarales 75 cl.,"2,49 €","2,90 €/ud",https://www.carrefour.es/supermercado/manzanilla-do-sanlucar-de-barrameda-los-jarales-75-cl-los-jarales/R-520662942/p
Bebidas,Zumo de naranja Don Simón natural botella 1 l.,"1,40 €","2,49 €/l",https://www.carrefour.es/supermercado/zumo-de-naranja-don-simon-natural-botella-1-l-don-simon/R-prod310101/p
Bebidas,Cerveza Carrefour Classic pack de 6 botellas de 25 cl.,"3,55 €","0,93 €/l",https://www.carrefour.es/supermercado/cerveza-carrefour-classic-pack-de-6-botellas-de-25-cl-carrefour/R-520661309/p
Bebidas,Cerveza Desperados sabor tequila lata 50 cl.,"3,32 €","3,24 €/l",https://www.carrefour.es/supermercado/cerveza-desperados-sabor-tequila-lata-50-cl-desperados/R-768805712/p
Bebidas,Vino blanco verdejo ecológico El Hayedo D.O.Rueda 75 cl.,"1,65 €","3,55 €/ud",https://www.carrefour.es/supermercado/vino-blanco-verdejo-ecologico-el-hayedo-dorueda-75-cl/R-VC4AECOMM-491121/p
Bebidas,"Bebida de frutas zanahoria y naranja Granini botella 1,5 l.","4,45 €","2,21 €/l",https://www.carrefour.es/supermercado/bebida-de-frutas-zanahoria-y-naranja-granini-botella-1-5-l-granini/R-825813594/p
Bebidas,"Trina de limón sin gas botella 1,5 l.","4,25 €","1,10 €/l",https://www.carrefour.es/supermercado/trina-de-limon-sin-gas-botella-1-5-l-trina/R-520660618/p
Bebidas,Cerveza Voll Damm doble malta pack de 6 botellas de 25 cl.,"0,50 €","2,97 €/l",https://www.carrefour.es/supermercado/cerveza-voll-damm-doble-malta-pack-de-6-botellas-de-25-cl-voll-damm/R-520661162/p
Bebidas,Cerveza Estrella Damm mediterránea pack de 6 botellas de 25 cl.,"3,54 €","2,36 €/l",https://www.carrefour.es/supermercado/cerveza-estrella-damm-mediterranea-pack-de-6-botellas-de-25-cl-estrella-damm/R-530066826/p
Bebidas,Whisky Dewar's White Label escocés 1 l.,"15,99 €","15,99 €/l",https://www.carrefour.es/supermercado/whisky-dewars-white-label-escoces-1-l-dewars/R-520662621/p
Bebidas,Tónica Schweppes con hibiscus premium botella 20 cl.,"1,65 €","8,25 €/l",https://www.carrefour.es/supermercado/tonica-schweppes-con-hibiscus-premium-botella-20-cl-schweppes/R-prod270782/p
Bebidas,Vino blanco verdejo Mayor de Castilla D.O. Rueda pack de 6 botellas de 75 cl.,"3,11 €","11,00 €/ud",https://www.carrefour.es/supermercado/vino-blanco-verdejo-mayor-de-castilla-do-rueda-pack-de-6-botellas-de-75-cl/R-prod300115/p
Bebidas,Vermut Carrefour Monte Esquinza rojo 1 l.,"1,19 €","3,11 €/l",https://www.carrefour.es/supermercado/vermut-carrefour-monte-esquinza-rojo-1-l/R-VC4AECOMM-474624/p
Bebidas,Cerveza Clausthaler sin alcohol botella 33 cl.,"0,35 €","3,61 €/l",https://www.carrefour.es/supermercado/cerveza-clausthaler-sin-alcohol-botella-33-cl-clausthaler/R-640001887/p
Bebidas,Cerveza Carrefour Radler con limón lata 33 cl,"9,30 €","1,06 €/l",https://www.carrefour.es/supermercado/cerveza-carrefour-radler-con-limon-lata-33-cl/R-fprod1480062/p
Bebidas,Brandy Torres solera Reserva 5 años 70 cl.,"1,52 €","13,29 €/l",https://www.carrefour.es/supermercado/brandy-torres-solera-reserva-5-anos-70-cl-torres/R-520663019/p
Bebidas,Vino blanco de mesa Cumbre de Gredos brik 1 l.,"0,49 €","1,52 €/l",https://www.carrefour.es/supermercado/vino-blanco-de-mesa-cumbre-de-gredos-brik-1-l-cumbre-de-gredos/R-521011886/p
Bebidas,Refresco tropical Tang sin gas en polvo 30 g.,"2,25 €","16,33 €/kg",https://www.carrefour.es/supermercado/refresco-tropical-tang-sin-gas-en-polvo-30-g-tang/R-529039386/p
Bebidas,Zumo de pomelo ecológico Delizum botella 1 l.,"1,65 €","2,25 €/l",https://www.carrefour.es/supermercado/zumo-de-pomelo-ecologico-delizum-botella-1-l-delizum/R-590207003/p
Bebidas,Zumo de manzana Appletiser botella 75 cl.,"1,01 €","2,20 €/l",https://www.carrefour.es/supermercado/zumo-de-manzana-appletiser-botella-75-cl-appletiser/R-638301889/p
Bebidas,Agua mineral con gas Vichy Catalán natural sabor limón 50 cl.,"1,56 €","2,02 €/l",https://www.carrefour.es/supermercado/agua-mineral-con-gas-vichy-catalan-natural-sabor-limon-50-cl-vichy-catalan/R-prod760135/p
Bebidas,Cerveza artesana La Sagra IPA botella 33 cl.,"0,68 €","4,73 €/l",https://www.carrefour.es/supermercado/cerveza-artesana-la-sagra-ipa-botella-33-cl-sagra/R-prod90367/p
Bebidas,Néctar tropical Carrefour brik 1 l.,"0,57 €","0,68 €/l",https://www.carrefour.es/supermercado/nectar-tropical-carrefour-brik-1-l-carrefour/R-780686970/p
Bebidas,Bebida energética Carrefour Ginseng 50 cl.,"17,75 €","1,14 €/l",https://www.carrefour.es/supermercado/bebida-energetica-carrefour-ginseng-50-cl-carrefour/R-808607594/p
Bebidas,Ron Barceló añejo 1 l.,"1,99 €","17,75 €/l",https://www.carrefour.es/supermercado/ron-barcelo-anejo-1-l-barcelo/R-546003595/p
Bebidas,Vino Lambrusco rosado Amabile Bautista Marti 75 cl.,"10,50 €","1,99 €/ud",https://www.carrefour.es/supermercado/vino-lambrusco-rosado-amabile-bautista-marti-75-cl-bautista-marti/R-790069156/p
Bebidas,Luis Cañas Tinto 2016,"11,95 €","10,50 €/ud",https://www.carrefour.es/supermercado/vino-do-rioja-tinto-crianza-luis-canas-75-cl-luis-canas/R-546003681/p
Bebidas,Licor de hierbas Ruavieja 1 l.,"8,25 €","11,95 €/l",https://www.carrefour.es/supermercado/licor-de-hierbas-ruavieja-1-l-ruavieja/R-556601508/p
Bebidas,Anisete Marie Brizard 1 l.,"2,20 €","8,25 €/l",https://www.carrefour.es/supermercado/anisete-marie-brizard-1-l-marie-brizard/R-520663029/p
Bebidas,Sidra Zapiain natural 75 cl.,"2,25 €","2,93 €/l",https://www.carrefour.es/supermercado/sidra-zapiain-natural-75-cl-zapiain/R-538001540/p
Bebidas,Néctar de mango ecológico Delizum botella 1 l.,"1,94 €","2,25 €/l",https://www.carrefour.es/supermercado/nectar-de-mango-ecologico-delizum-botella-1-l-delizum/R-590207005/p
Bebidas,Cerveza Franziskaner Weissbier Kristallklar botella 50 cl.,"1,39 €","2,78 €/l",https://www.carrefour.es/supermercado/cerveza-franziskaner-weissbier-kristallklar-botella-50-cl-franziskaner/R-521028240/p
Bebidas,Freixenet Carta Nevada Cava,"5,40 €","5,40 €/ud",https://www.carrefour.es/supermercado/cava-freixenet-brut-75-cl-freixenet/R-520662193/p
Bebidas,Ron Cacique añejo superior 70 cl.,"10,95 €","15,64 €/l",https://www.carrefour.es/supermercado/ron-cacique-anejo-superior-70-cl-cacique/R-520662983/p
Bebidas,Cerveza Carrefour Shandy con limón pack de 6 botellas de 25 cl.,"1,73 €","1,15 €/l",https://www.carrefour.es/supermercado/cerveza-carrefour-shandy-con-limon-pack-de-6-botellas-de-25-cl-carrefour/R-520661342/p
Bebidas,"Sangría Don Simón botella 1,5 l.","1,75 €","1,17 €/l",https://www.carrefour.es/supermercado/sangria-don-simon-botella-1-5-l-don-simon/R-530014339/p
Bebidas,Cerveza Cruzcampo Gran Reserva malta botella 33 cl.,"1,00 €","3,03 €/l",https://www.carrefour.es/supermercado/cerveza-cruzcampo-gran-reserva-malta-botella-33-cl-cruzcampo-gran-reserva/R-528412734/p
Bebidas,Refresco de manzana Trina zero sin gas lata 33 cl.,"0,65 €","1,97 €/l",https://www.carrefour.es/supermercado/refresco-de-manzana-trina-zero-sin-gas-lata-33-cl-trina/R-prod830144/p
Bebidas,Vino blanco Marqués Dospala botella 75 cl.,"0,99 €","1,32 €/l",https://www.carrefour.es/supermercado/vino-blanco-marques-dospala-botella-75-cl-marques-dospala/R-520661390/p
Bebidas,Zumo de mandarina Simon Life pack de 4 botellas de 20 cl.,"1,39 €","1,74 €/l",https://www.carrefour.es/supermercado/zumo-de-mandarina-simon-life-pack-de-4-botellas-de-20-cl-simon-life/R-638901798/p
Bebidas,Cerveza Desperados sabor mojito lata 50 cl.,"1,06 €","3,24 €/l",https://www.carrefour.es/supermercado/cerveza-desperados-sabor-mojito-lata-50-cl/R-VC4AECOMM-476323/p
Bebidas,"Pepsi botella 1,25 l.","0,33 €","0,85 €/l",https://www.carrefour.es/supermercado/pepsi-botella-1-25-l/R-VC4AECOMM-497475/p
Bebidas,Bebida Isotónica Carrefour sin gas sabor naranja lata 33 cl.,"1,55 €","1,00 €/l",https://www.carrefour.es/supermercado/bebida-isotonica-carrefour-sin-gas-sabor-naranja-lata-33-cl-carrefour/R-520660719/p
Bebidas,Zumo multifrutas Carrefour pack de 6 briks de 20 cl.,"8,50 €","1,29 €/l",https://www.carrefour.es/supermercado/zumo-multifrutas-carrefour-pack-de-6-briks-de-20-cl-carrefour/R-prod780453/p
Bebidas,Viña Esmeralda Blanco 2019,"0,67 €","8,50 €/ud",https://www.carrefour.es/supermercado/vino-blanco-vina-esmeralda-do-penedes-75-cl-vina-esmeralda/R-520662837/p
Bebidas,Refresco de cola Pepsi botella 33 cl.,"0,56 €","2,03 €/l",https://www.carrefour.es/supermercado/refresco-de-cola-pepsi-botella-33-cl-pepsi/R-522713429/p
Bebidas,Refresco de limón con gas Kas 33 cl.,"2,39 €","1,70 €/l",https://www.carrefour.es/supermercado/refresco-de-limon-con-gas-kas-33-cl-kas/R-520660565/p
Bebidas,Zumo de frutas tropicales Juver-Disfruta sin azúcar añadido brik 2 l.,"0,68 €","1,19 €/l",https://www.carrefour.es/supermercado/zumo-de-frutas-tropicales-juver-disfruta-sin-azucar-anadido-brik-2-l-juver-disfruta/R-521034152/p
Bebidas,Refresco de cola Pepsi Max zero botella 33 cl.,"1,99 €","2,06 €/l",https://www.carrefour.es/supermercado/refresco-de-cola-pepsi-max-zero-botella-33-cl-pepsi/R-prod250803/p
Bebidas,Sidra ecológica Maeloc achampanada dulce botella 75 cl.,"0,70 €","1,99 €/ud",https://www.carrefour.es/supermercado/sidra-ecologica-maeloc-achampanada-dulce-botella-75-cl-maeloc/R-763502536/p
Bebidas,Néctar de manzana Carrefour brik 1 l.,"5,35 €","0,70 €/l",https://www.carrefour.es/supermercado/nectar-de-manzana-carrefour-brik-1-l-carrefour/R-784208963/p
Bebidas,Marques De Vizhoja Blanco 2019,"2,65 €","5,35 €/ud",https://www.carrefour.es/supermercado/vino-blanco-marques-de-vizhoja-75-cl-marques-de-vizhoja/R-538408057/p
Bebidas,Mistela Moscatel La Cartuja 75 cl.,"15,50 €","2,65 €/ud",https://www.carrefour.es/supermercado/mistela-moscatel-la-cartuja-75-cl-la-cartuja/R-695700799/p
Bebidas,LOTE 98. Estuche de 2 botellas de vino frizzante blanco verdejo Yllera 5.5 75 cl. + 1 botella frizzante rosado Yllera 5.5 Rose 75 cl.,"5,25 €","15,50 €/ud",https://www.carrefour.es/supermercado/lote-98-estuche-de-2-botellas-de-vino-frizzante-blanco-verdejo-yllera-55-75-cl-1-botella-frizzante-rosado-yllera-55-rose-75-cl-yllera-55/R-728802766/p
Bebidas,Fanta de limón botella 2 l.,"1,52 €","0,76 €/l",https://www.carrefour.es/supermercado/fanta-de-limon-botella-2-l-fanta/R-520660574/p
Bebidas,Cerveza Mahou Clásica pack de 6 botellas de 25 cl.,"2,75 €","1,83 €/l",https://www.carrefour.es/supermercado/cerveza-mahou-clasica-pack-de-6-botellas-de-25-cl-mahou-clasica/R-521011815/p
Bebidas,Crema de whisky O'Galwan 70 cl.,"5,00 €","7,14 €/l",https://www.carrefour.es/supermercado/crema-de-whisky-ogalwan-70-cl-ogalwan/R-520663098/p
Bebidas,"Zumo de frutas del bosque Sunny Delight Blue 1,25 l.","1,65 €","1,32 €/l",https://www.carrefour.es/supermercado/zumo-de-frutas-del-bosque-sunny-delight-blue-1-25-l-sunny-delight/R-prod120336/p
Bebidas,Ginebra Nordés premium 1 l.,"33,60 €","33,60 €/l",https://www.carrefour.es/supermercado/ginebra-nordes-premium-1-l-nordes/R-fprod1190091/p
Bebidas,Tónica Schweppes con toque de lima premium botella 20 cl.,"1,65 €","8,25 €/l",https://www.carrefour.es/supermercado/tonica-schweppes-con-toque-de-lima-premium-botella-20-cl-schweppes/R-prod250806/p
Bebidas,Zumo de naranja Don Simón exprimido con pulpa botella 1 l.,"1,99 €","1,99 €/l",https://www.carrefour.es/supermercado/zumo-de-naranja-don-simon-exprimido-con-pulpabotella-1-l-don-simon/R-fprod1430228/p
Bebidas,Cerveza Alhambra especial sin alcohol botella 1 l.,"1,42 €","1,42 €/l",https://www.carrefour.es/supermercado/cerveza-alhambra-especial-sin-alcohol-botella-1-l-alhambra/R-526600820/p
Bebidas,Agua mineral Vilas del Turbón 1 l.,"0,70 €","0,70 €/l",https://www.carrefour.es/supermercado/agua-mineral-vilas-del-turbon-1-l-vilas-del-turbon/R-699205198/p
Bebidas,Jose Pariente Blanco 2019,"9,10 €","9,10 €/ud",https://www.carrefour.es/supermercado/vino-do-rueda-blanco-verdejo-jose-pariente-75-cl-jose-pariente/R-729511500/p
Bebidas,Carrefour Blanco 2019,"5,18 €","7,00 €/ud",https://www.carrefour.es/supermercado/vino-blanco-albarino-vinabade-do-rias-baixas-75-cl/R-VC4AECOMM-494706/p
Bebidas,Ron Yacaré añejo 70 cl.,"7,25 €","7,40 €/l",https://www.carrefour.es/supermercado/ron-yacare-anejo-70-cl-yacare/R-520662290/p
Bebidas,Pacharán Anduí 1 l.,"1,32 €","7,25 €/l",https://www.carrefour.es/supermercado/pacharan-andui-1-l-andui/R-prod620186/p
Bebidas,"Cerveza Modelo especial botella 35,5 cl.","4,05 €","3,72 €/l",https://www.carrefour.es/supermercado/cerveza-modelo-especial-botella-35-5-cl-modelo/R-562701499/p
Bebidas,Sprite de lima-limón pack 9 latas 33 cl.,"0,54 €","1,35 €/l",https://www.carrefour.es/supermercado/sprite-de-lima-limon-pack-9-latas-33-cl-sprite/R-prod231311/p
Bebidas,Agua mineral Lanjarón 50 cl.,"2,40 €","1,08 €/l",https://www.carrefour.es/supermercado/agua-mineral-lanjaron-50-cl-lanjaron/R-prod224981/p
Bebidas,Sidra De Nuestra Tierra D.O.P. Asturias natural 70 cl.,"1,14 €","3,43 €/l",https://www.carrefour.es/supermercado/sidra-de-nuestra-tierra-dop-asturias-natural-70-cl-de-nuestra-tierra/R-fprod1230039/p
Bebidas,Cerveza Voll Damm doble malta botella 33 cl.,"3,99 €","3,45 €/l",https://www.carrefour.es/supermercado/cerveza-voll-damm-doble-malta-botella-33-cl-voll-damm/R-805066362/p
Bebidas,Vino portugués rosado joven Mateus 75 cl.,"1,68 €","3,99 €/ud",https://www.carrefour.es/supermercado/vino-portugues-rosado-joven-mateus-75-cl-mateus/R-521007940/p
Bebidas,Limonada Carrefour botella 1 l.,"1,30 €","1,68 €/l",https://www.carrefour.es/supermercado/limonada-carrefour-botella-1-l-carrefour/R-530362942/p
Bebidas,Refresco de lima-limón Sprite con gas botella 2 l.,"1,18 €","0,65 €/l",https://www.carrefour.es/supermercado/refresco-de-lima-limon-sprite-con-gas-botella-2-l-sprite/R-535601661/p
Bebidas,Néctar de pomelo Carrefour brik 1 l.,"1,39 €","1,18 €/l",https://www.carrefour.es/supermercado/nectar-de-pomelo-carrefour-brik-1-l-carrefour/R-526600880/p
Bebidas,Zumo de arándanos Juver-Disfruta Exótico sin azúcar brik 1 l.,"1,87 €","1,39 €/l",https://www.carrefour.es/supermercado/zumo-de-arandanos-juver-disfruta-exotico-sin-azucar-brik-1-l-juver-disfruta/R-prod770186/p
Bebidas,"Refresco de naranja sin gas botella 1,5 l.","0,79 €","0,53 €/l",https://www.carrefour.es/supermercado/refresco-de-naranja-sin-gas-botella-1-5-l-carrefour/R-871618455/p
Bebidas,Vino D.O Valencia blanco Amatista 75 cl.,"2,49 €","2,49 €/ud",https://www.carrefour.es/supermercado/vino-do-valencia-blanco-amatista-75-cl-amatista/R-590206513/p
Bebidas,Cardhu Gold Whisky Reserva,"27,90 €","39,86 €/l",https://www.carrefour.es/supermercado/whisky-cardhu-escoces-reserva-gold-70-cl-cardhu/R-791547906/p
Bebidas,Zumo de piña y mango Carrefour Selección exprimido botella 75 cl.,"2,05 €","2,73 €/l",https://www.carrefour.es/supermercado/zumo-de-pina-y-mango-carrefour-seleccion-exprimido-botella-75-cl-carrefour-seleccion/R-551801863/p
Bebidas,Tónica Schweppes con pimienta rosa premium botella 20 cl.,"1,65 €","8,25 €/l",https://www.carrefour.es/supermercado/tonica-schweppes-con-pimienta-rosa-premium-botella-20-cl-schweppes/R-prod271522/p
Bebidas,Vino D.O. Ribera del Duero tinto Roble Altos de Tamaron caja de 6x75 cl.,"1,00 €","30,00 €/ud",https://www.carrefour.es/supermercado/vino-do-ribera-del-duero-tinto-roble-altos-de-tamaron-caja-de-6x75-cl-altos-de-tamaron/R-fprod1260088/p
Bebidas,Gaseosa La Casera con toque de limón cero azucares botella 1 l.,"0,79 €","1,00 €/l",https://www.carrefour.es/supermercado/gaseosa-la-casera-con-toque-de-limon-cero-azucares-botella-1-l-la-casera/R-fprod1330032/p
Bebidas,Refresco de naranja Schweppes con gas lata 33 cl.,"0,82 €","2,39 €/l",https://www.carrefour.es/supermercado/refresco-de-naranja-schweppes-con-gas-lata-33-cl-schweppes/R-520660543/p
Bebidas,Cerveza San Miguel Premium especial sin gluten botella 33 cl.,"1,24 €","2,48 €/l",https://www.carrefour.es/supermercado/cerveza-san-miguel-premium-especial-sin-gluten-botella-33-cl-san-miguel/R-814634942/p
Bebidas,"Zumo de naranja, mango y zanahoria Juver-Disfruta Exótico sin azúcar añadido botella 1 l.","2,24 €","1,24 €/l",https://www.carrefour.es/supermercado/zumo-de-naranja-mango-y-zanahoria-juver-disfruta-exotico-sin-azucar-anadido-botella-1-l-juver-disfruta/R-840405201/p
Bebidas,Néctar de naranja Granini botella 1 l.,"1,90 €","2,24 €/l",https://www.carrefour.es/supermercado/nectar-de-naranja-granini-botella-1-l-granini/R-520660892/p
Bebidas,Cerveza artesana Damm Complot IPA botella 33 cl.,"1,09 €","5,76 €/l",https://www.carrefour.es/supermercado/cerveza-artesana-damm-complot-ipa-botella-33-cl-damm/R-prod810776/p
Bebidas,Cerveza Daura Marzen Lager sin gluten botella 33 cl.,"1,10 €","3,30 €/l",https://www.carrefour.es/supermercado/cerveza-daura-marzen-lager-sin-gluten-botella-33-cl-daura-marzen/R-801540513/p
Bebidas,"Zumo de malocotón, manzana y uva Don Simón brik 1 l.","3,61 €","1,10 €/l",https://www.carrefour.es/supermercado/zumo-de-malocoton-manzana-y-uva-don-simon-brik-1-l-don-simon/R-520660803/p
Bebidas,Agua de coco ecológica Cocomi sin gluten brik 1 l.,"0,96 €","3,61 €/l",https://www.carrefour.es/supermercado/agua-de-coco-ecologica-cocomi-sin-gluten-brik-1-l-cocomi/R-prod60779/p
Bebidas,Cerveza Mahou 5 Estrellas especial sin gluten botella 33 cl.,"1,09 €","2,91 €/l",https://www.carrefour.es/supermercado/cerveza-mahou-5-estrellas-especial-sin-gluten-botella-33-cl-mahou-5-estrellas/R-829844976/p
Bebidas,Agua con gas Perrier con zumo de melocotón y cereza 250 ml.,"12,00 €","4,36 €/l",https://www.carrefour.es/supermercado/agua-con-gas-perrier-con-zumo-de-melocoton-y-cereza-250-ml/R-VC4AECOMM-485551/p
Bebidas,Ondarre Tinto 2011,"4,09 €","12,00 €/ud",https://www.carrefour.es/supermercado/vino-do-rioja-tinto-gran-reserva-ondarre-75-cl-ondarre/R-prod395482/p
Bebidas,Anís Altorreal dulce 70 cl.,"5,50 €","5,84 €/l",https://www.carrefour.es/supermercado/anis-altorreal-dulce-70-cl-altorreal/R-prod620196/p
Bebidas,Four Lines Blanco 2019,"4,60 €","5,50 €/ud",https://www.carrefour.es/supermercado/vino-do-rueda-blanco-verdejo-four-lines-75-cl-four-lines/R-807571427/p
Bebidas,Cava Codorníu Benjamín seco de 20 cl.,"15,55 €","4,60 €/ud",https://www.carrefour.es/supermercado/cava-codorniu-benjamin-seco-de-20-cl-codorniu-anna/R-521007948/p
Bebidas,Licor Cointreau 70 cl.,"13,30 €","22,21 €/l",https://www.carrefour.es/supermercado/licor-cointreau-70-cl-cointreau/R-521028350/p
Bebidas,Ginebra Larios 12 premium 70 cl.,"14,40 €","19,00 €/l",https://www.carrefour.es/supermercado/ginebra-larios-12-premium-70-cl-larios/R-546003965/p
Bebidas,"Whisky Dyc 1,5 l.","15,70 €","10,47 €/l",https://www.carrefour.es/supermercado/whisky-dyc-1-5-l-dyc/R-521034806/p
Bebidas,Zumo de tomate ecológico Delizum botella 1 l.,"2,25 €","2,25 €/l",https://www.carrefour.es/supermercado/zumo-de-tomate-ecologico-delizum-botella-1-l-delizum/R-590214035/p
Bebidas,Zumo de naranja Don Simón exprimido pack de 3 briks de 20 cl.,"1,03 €","1,72 €/l",https://www.carrefour.es/supermercado/zumo-de-naranja-don-simon-exprimido-pack-de-3-briks-de-20-cl-don-simon/R-546102632/p
Bebidas,Cerveza Ambar Lager especial sin gluten lata 33 cl.,"0,69 €","2,09 €/l",https://www.carrefour.es/supermercado/cerveza-ambar-lager-especial-sin-gluten-lata-33-cl-ambar/R-816214809/p
Bebidas,"Fanta de naranja botella 1,25 l.","1,31 €","1,05 €/l",https://www.carrefour.es/supermercado/fanta-de-naranja-botella-1-25-l-fanta/R-prod971248/p
Bebidas,Zumo de fruta y leche Carrefour Tropical sin lactosa pack de 6 briks de 20 cl.,"1,38 €","1,15 €/l",https://www.carrefour.es/supermercado/zumo-de-fruta-y-leche-carrefour-tropical-sin-lactosa-pack-de-6-briks-de-20-cl-carrefour/R-prod570182/p
Bebidas,El Perro Verde Blanco 2019,"9,95 €","9,95 €/ud",https://www.carrefour.es/supermercado/vino-do-rueda-blanco-verdejo-el-perro-verde-75-cl-el-perro-verde/R-804260155/p
Bebidas,Marina Alta Blanco 2019,"5,00 €","5,00 €/ud",https://www.carrefour.es/supermercado/vino-blanco-marina-alta-do-alicante-75-cl-marina-alta/R-521013559/p
Bebidas,Agua con gas Perrier con zumo de limón y guayaba 250 ml,"1,09 €","4,36 €/l",https://www.carrefour.es/supermercado/agua-con-gas-perrier-con-zumo-de-limon-y-guayaba-250-ml/R-VC4AECOMM-485552/p
Bebidas,Zumo de tomate Granini pack 3 botellas de 20 cl.,"2,85 €","4,75 €/l",https://www.carrefour.es/supermercado/zumo-de-tomate-granini-pack-3-botellas-de-20-cl-granini/R-520660876/p
Bebidas,Licor de café Puntemiño 70 cl.,"5,69 €","8,13 €/l",https://www.carrefour.es/supermercado/licor-de-cafe-puntemino-70-cl-puntemino/R-prod620188/p
Bebidas,Brandy Torres Reserva Imperial 10 años,"10,67 €","15,24 €/l",https://www.carrefour.es/supermercado/brandy-torres-reserva-imperial-10-anos-torres/R-520663021/p
Bebidas,"Trina de tropical sin gas botella 1,5 l.","1,65 €","1,10 €/l",https://www.carrefour.es/supermercado/trina-de-tropical-sin-gas-botella-1-5-l-trina/R-699308978/p
Bebidas,Cava Puigesser semiseco 75 cl.,"1,90 €","1,90 €/ud",https://www.carrefour.es/supermercado/cava-puigesser-semiseco-75-cl-puigesser/R-735314099/p
Bebidas,Espumoso Blue Moscato Don Luciano 75 cl.,"1,95 €","1,95 €/ud",https://www.carrefour.es/supermercado/espumoso-blue-moscato-don-luciano-75-cl-don-luciano/R-828922419/p
Bebidas,Crema de orujo Ruavieja 1 l.,"15,85 €","15,85 €/l",https://www.carrefour.es/supermercado/crema-de-orujo-ruavieja-1-l-ruavieja/R-prod520323/p
Bebidas,"Refresco Carrefour sabor fresa con gas botella 1,5 l.","0,90 €","0,60 €/l",https://www.carrefour.es/supermercado/refresco-carrefour-sabor-fresa-con-gas-botella-1-5-l-carrefour/R-812922914/p
Bebidas,Néctar de piña Granini botella 1 l.,"2,24 €","2,24 €/l",https://www.carrefour.es/supermercado/nectar-de-pina-granini-botella-1-l-granini/R-520660894/p
Bebidas,Vino D.O. Valdepeñas tinto Tres Reinos 75 cl.,"1,70 €","1,70 €/ud",https://www.carrefour.es/supermercado/vino-do-valdepenas-tinto-tres-reinos-75-cl-tres-reinos/R-fprod1260290/p
Bebidas,"Cerveza Amstel 0,0 alcohol pura malta pack 6 botellas 25 cl.","2,55 €","1,70 €/l",https://www.carrefour.es/supermercado/cerveza-amstel-0-0-alcohol-pura-malta-pack-6-botellas-25-cl-amstel-0-0/R-593401834/p
Bebidas,Refresco de cola Pepsi Max zero lata 33 cl.,"0,59 €","1,79 €/l",https://www.carrefour.es/supermercado/refresco-de-cola-pepsi-max-zero-lata-33-cl-pepsi/R-520660517/p
Bebidas,Agua de coco Vitacoco natural brik 1 l.,"1,99 €","3,59 €/l",https://www.carrefour.es/supermercado/agua-de-coco-vitacoco-natural-brik-1-l-vitacoco/R-853100470/p
Bebidas,Sidra Kopparberg Premium sabor fresa y lima lata 50 cl.,"2,33 €","3,98 €/l",https://www.carrefour.es/supermercado/sidra-kopparberg-premium-sabor-fresa-y-lima-lata-50-cl-kopparberg/R-762342240/p
Bebidas,Altos De Tamaron Tinto 2019,"4,55 €","4,55 €/ud",https://www.carrefour.es/supermercado/vino-tinto-roble-altos-de-tamaron-do-ribera-del-duero-75-cl-altos-de-tamaron/R-564701852/p
Bebidas,Bebida de fruta granada y manzana Granini Selección Mix botella 1 l. ,"2,33 €","2,33 €/l",https://www.carrefour.es/supermercado/bebida-de-fruta-granada-y-manzana-granini-seleccion-mix-botella-1-l-granini/R-775702447/p
Bebidas,"Vino D.O. Rioja tinto crianza El Coto 37,5 cl.","3,79 €","3,79 €/ud",https://www.carrefour.es/supermercado/vino-do-rioja-tinto-crianza-el-coto-37-5-cl-el-coto/R-867800614/p
Bebidas,"Tinto de verano clásico sin alcohol Don Simón botella 1,5 l.","1,00 €","0,67 €/l",https://www.carrefour.es/supermercado/tinto-de-verano-clasico-sin-alcohol-don-simon-botella-1-5-l-don-simon/R-527018081/p
Bebidas,Zumo de naranja ecológico Don Simón brik 1 l.,"2,60 €","2,60 €/l",https://www.carrefour.es/supermercado/zumo-de-naranja-ecologico-don-simon-brik-1-l-don-simon/R-607402165/p
Bebidas,Cerveza Ambar Export tostada Tres Maltas lata 33 cl.,"0,86 €","2,61 €/l",https://www.carrefour.es/supermercado/cerveza-ambar-export-tostada-tres-maltas-lata-33-cl-ambar/R-590215847/p
Bebidas,Anís La Castellana dulce 70 cl.,"7,65 €","10,93 €/l",https://www.carrefour.es/supermercado/anis-la-castellana-dulce-70-cl-anis-la-castellana/R-798962881/p
Bebidas,Coca Cola light botella 50 cl.,"1,20 €","2,40 €/l",https://www.carrefour.es/supermercado/coca-cola-light-botella-50-cl-coca-cola/R-520660491/p
Bebidas,Anna De Codorniu,"9,35 €","9,35 €/ud",https://www.carrefour.es/supermercado/cava-codorniu-anna-brut-75-cl-codorniu-anna/R-520662173/p
Bebidas,Marqués De Cáceres Blanco 2019,"5,35 €","5,35 €/ud",https://www.carrefour.es/supermercado/vino-blanco-verdejo-marques-de-caceres-do-rueda-75-cl-marques-de-caceres/R-799715334/p
Bebidas,Espumoso Gold Moscato Don Luciano 75 cl.,"2,39 €","2,39 €/ud",https://www.carrefour.es/supermercado/espumoso-gold-moscato-don-luciano-75-cl-don-luciano/R-828922311/p
Bebidas,Cerveza Ambar Lager especial pack de 9 latas de 33 cl.,"6,10 €","2,05 €/l",https://www.carrefour.es/supermercado/cerveza-ambar-lager-especial-pack-de-9-latas-de-33-cl-ambar/R-538002240/p
Bebidas,Zumo multivitaminas Carrefour exprimido brik de 1 l.,"1,18 €","1,18 €/l",https://www.carrefour.es/supermercado/zumo-multivitaminas-carrefour-exprimido-brik-de-1-l-carrefour/R-745602118/p
Bebidas,Enate Tinto 2017,"6,20 €","6,20 €/ud",https://www.carrefour.es/supermercado/vino-do-somontano-tinto-enate-75-cl-enate/R-520662710/p
Bebidas,Cerveza Carrefour especial lata 50 cl.,"0,40 €","0,80 €/l",https://www.carrefour.es/supermercado/cerveza-carrefour-especial-lata-50-cl-carrefour/R-858808153/p
Bebidas,Möet Chandon Champagne,"36,90 €","36,90 €/ud",https://www.carrefour.es/supermercado/champagne-moet-chandon-imperial-brut-75-cl-moet-chandon/R-521028325/p
Bebidas,Ginebra Old Thames pink 70 cl.,"9,65 €","10,71 €/l",https://www.carrefour.es/supermercado/ginebra-old-thames-pink-70-cl-old-thames/R-fprod1180082/p
Bebidas,Anís del Mono edición especial 1 l.,"10,95 €","9,65 €/l",https://www.carrefour.es/supermercado/anis-del-mono-edicion-especial-1-l-anis-del-mono/R-520663031/p
Bebidas,Whisky Dyc 8 años 70 cl.,"6,50 €","15,64 €/l",https://www.carrefour.es/supermercado/whisky-dyc-8-anos-70-cl-dyc/R-521011882/p
Bebidas,Anisado Anís del Mono dulce 70 cl.,"6,30 €","9,29 €/l",https://www.carrefour.es/supermercado/anisado-anis-del-mono-dulce-70-cl-anis-del-mono/R-541301654/p
Bebidas,Cerveza Especial Cruzcampo pack de 12 botellas de 25 cl.,"0,76 €","2,10 €/l",https://www.carrefour.es/supermercado/cerveza-especial-cruzcampo-pack-de-12-botellas-de-25-cl-cruzcampo/R-fprod1190419/p
Bebidas,Cerveza artesana Carrefour Sensation Rubia sin filtrar botella 33 cl.,"10,43 €","2,30 €/l",https://www.carrefour.es/supermercado/cerveza-artesana-carrefour-sensation-rubia-sin-filtrar-botella-33-cl/R-VC4AECOMM-573257/p
Bebidas,Ron Negrita añejo 1 l.,"2,32 €","10,43 €/l",https://www.carrefour.es/supermercado/ron-negrita-anejo-1-l-negrita/R-522714941/p
Bebidas,Ginebra Beefeater 1 l.,"16,44 €","16,44 €/l",https://www.carrefour.es/supermercado/ginebra-beefeater-1-l-beefeater/R-521011782/p
Bebidas,Cerveza Grevensteiner botella 50 cl.,"1,89 €","3,78 €/l",https://www.carrefour.es/supermercado/cerveza-grevensteiner-botella-50-cl-grevensteiner/R-819255994/p
Bebidas,Whisky Tennessee Jack Daniel's 70 cl.,"20,65 €","29,50 €/l",https://www.carrefour.es/supermercado/whisky-tennessee-jack-daniels-70-cl-jack-daniels/R-520662280/p
Bebidas,Vino D.O. Rioja tinto Campo Viejo 75 cl.,"3,65 €","3,65 €/ud",https://www.carrefour.es/supermercado/vino-do-rioja-tinto-campo-viejo-75-cl-campo-viejo/R-520662350/p
Bebidas,"Zumo de granada, mora, frambuesa y uva ecológico Zumosol brik 1 l.","2,65 €","2,65 €/l",https://www.carrefour.es/supermercado/zumo-de-granada-mora-frambuesa-y-uva-ecologico-zumosol-brik-1-l-zumosol/R-prod1100064/p
Bebidas,Zumo de piña Don Simón sin pulpa brik 1 l.,"1,62 €","1,62 €/l",https://www.carrefour.es/supermercado/zumo-de-pina-don-simon-sin-pulpa-brik-1-l-don-simon/R-fprod1310088/p
Bebidas,7UP de lima-limón pack 2 botellas 2 l.,"1,98 €","0,49 €/l",https://www.carrefour.es/supermercado/7up-de-lima-limon-pack-2-botellas-2-l-7up/R-526627352/p
Bebidas,Cerveza Alhambra tradicional lata 50 cl.,"0,79 €","1,58 €/l",https://www.carrefour.es/supermercado/cerveza-alhambra-tradicional-lata-50-cl-alhambra/R-538408221/p
Bebidas,Cune Blanco 2019,"5,50 €","5,50 €/ud",https://www.carrefour.es/supermercado/vino-do-rueda-blanco-verdejo-cune-75-cl-cune/R-709601833/p
Bebidas,Vino D.O Rioja tinto crianza Viña Espolón 75 cl.,"6,20 €","6,20 €/ud",https://www.carrefour.es/supermercado/vino-do-rioja-tinto-crianza-vina-espolon-75-cl-vina-espolon/R-fprod1320050/p
Bebidas,Celeste Tinto 2019,"9,40 €","9,40 €/ud",https://www.carrefour.es/supermercado/vino-tinto-roble-tempranillo-celeste-do-ribera-del-duero-75-cl-celeste/R-606509757/p
Bebidas,Whisky Westerly 70 cl.,"4,95 €","7,07 €/l",https://www.carrefour.es/supermercado/whisky-westerly-70-cl-westerly/R-prod392958/p
Bebidas,Vino tinto de mesa Cumbre de Gredos brik 1 l.,"1,52 €","1,52 €/l",https://www.carrefour.es/supermercado/vino-tinto-de-mesa-cumbre-de-gredos-brik-1-l-cumbre-de-gredos/R-521011884/p
Bebidas,Refresco de piña Tang sin gas en polvo 30 g.,"0,49 €","16,33 €/kg",https://www.carrefour.es/supermercado/refresco-de-pina-tang-sin-gas-en-polvo-30-g-tang/R-529039388/p
Bebidas,Zumo de naranja Tropicana exprimido sin pulpa botella 90 cl.,"2,55 €","2,83 €/l",https://www.carrefour.es/supermercado/zumo-de-naranja-tropicana-exprimido-sin-pulpa-botella-90-cl-tropicana/R-fprod1180052/p
Bebidas,Agua mineral Solán de Cabras natural multifrutas 1 l.,"1,86 €","1,86 €/l",https://www.carrefour.es/supermercado/agua-mineral-solan-de-cabras-natural-multifrutas-1-l-solan-de-cabras/R-521015003/p
Bebidas,Zumo de piña Don Simón-Disfruta brik 2 l.,"1,98 €","0,99 €/l",https://www.carrefour.es/supermercado/zumo-de-pina-don-simon-disfruta-brik-2-l-don-simon-disfruta/R-749802403/p
Bebidas,Vino tinto de mesa Castillo del Duque botella 75 cl.,"0,95 €","1,27 €/l",https://www.carrefour.es/supermercado/vino-tinto-de-mesa-castillo-del-duque-botella-75-cl-castillo-del-duque/R-773504165/p
Bebidas,"Green Cola zero azúcar botella 1,5 l.","1,25 €","0,83 €/l",https://www.carrefour.es/supermercado/green-cola-zero-azucar-botella-1-5-l-green-cola/R-prod660005/p
Bebidas,Zumo de piña Juver pack de 6 briks de 20 cl.,"2,60 €","2,17 €/l",https://www.carrefour.es/supermercado/zumo-de-pina-juver-pack-de-6-briks-de-20-cl-juver/R-prod731038/p
Bebidas,Marieta Blanco 2019,"7,90 €","7,90 €/ud",https://www.carrefour.es/supermercado/vino-do-rias-baixas-blanco-albarino-semiseco-marieta-75-cl-marieta/R-839205580/p
Bebidas,Vino D.O. Mancha blanco Airén Viña Lobón 75 cl.,"1,17 €","1,17 €/ud",https://www.carrefour.es/supermercado/vino-do-mancha-blanco-airen-vina-lobon-75-cl-vina-lobon/R-847106003/p
Bebidas,Bebida de fruta piña Granini sin azúcar añadido botella 1 l.   ,"2,32 €","2,32 €/l",https://www.carrefour.es/supermercado/bebida-de-fruta-pina-granini-sin-azucar-anadido-botella-1-l-granini/R-651402212/p
Bebidas,Monster Green bebida energética lata 50 cl.,"1,49 €","2,98 €/l",https://www.carrefour.es/supermercado/monster-green-bebida-energetica-lata-50-cl-monster/R-526600642/p
Bebidas,"Ginebra Beefeater 1,5 l.","20,90 €","13,93 €/l",https://www.carrefour.es/supermercado/ginebra-beefeater-1-5-l-beefeater/R-804031113/p
Bebidas,Cerveza tostada azul Chimay belga trapense botella 33 cl.,"2,75 €","8,33 €/l",https://www.carrefour.es/supermercado/cerveza-tostada-azul-chimay-belga-trapense-botella-33-cl-chimay/R-546003513/p
Bebidas,Vino italiano Moscato Spumante blanco Caldirola 75 cl.,"3,80 €","3,80 €/ud",https://www.carrefour.es/supermercado/vino-italiano-moscato-spumante-blanco-caldirola-75-cl-caldirola/R-589802048/p
Bebidas,"Cerveza Ambar 0,0 sin alcohol lata 33 cl.","0,62 €","1,88 €/l",https://www.carrefour.es/supermercado/cerveza-ambar-0-0-sin-alcohol-lata-33-cl-ambar/R-589802158/p
Bebidas,Vino blanco verdejo ecológico Green&Social D.O.Rueda 75 cl.,"4,35 €","4,35 €/ud",https://www.carrefour.es/supermercado/vino-blanco-verdejo-ecologico-greensocial-dorueda-75-cl/R-VC4AECOMM-485573/p
Bebidas,Tinto de verano con limón sin alcohol La Casera lata 33 cl.,"0,79 €","2,39 €/l",https://www.carrefour.es/supermercado/tinto-de-verano-con-limon-sin-alcohol-la-casera-lata-33-cl-la-casera/R-774909701/p
Bebidas,Refresco de cola Pepsi Max zero cafeína zero azúcar lata 33 cl.,"0,60 €","1,82 €/l",https://www.carrefour.es/supermercado/refresco-de-cola-pepsi-max-zero-cafeina-zero-azucar-lata-33-cl-pepsi/R-prod540038/p
Bebidas,Whisky J&B escocés 70 cl.,"10,00 €","14,29 €/l",https://www.carrefour.es/supermercado/whisky-jb-escoces-70-cl-jb/R-521028327/p
Bebidas,Cerveza Budweiser Lager botella 33 cl.,"0,80 €","2,42 €/l",https://www.carrefour.es/supermercado/cerveza-budweiser-lager-botella-33-cl-budweiser/R-520661191/p
Bebidas,Vino D.O. La Mancha tinto reserva Viña Lobón 75 cl.,"1,90 €","1,90 €/ud",https://www.carrefour.es/supermercado/vino-do-la-mancha-tinto-reserva-vina-lobon-75-cl-vina-lobon/R-855503723/p
Bebidas,Mosto Juver Selección botella 85 cl.,"1,69 €","1,99 €/l",https://www.carrefour.es/supermercado/mosto-juver-seleccion-botella-85-cl-juver-seleccion/R-867102814/p
Bebidas,Zumo de granada Don Simón natural botella 75 cl.,"1,99 €","2,65 €/l",https://www.carrefour.es/supermercado/zumo-de-granada-don-simon-natural-botella-75-cl-don-simon/R-prod351675/p
Bebidas,Carrefour té sabor melocotón zero 1 l.,"0,45 €","0,45 €/l",https://www.carrefour.es/supermercado/carrefour-te-sabor-melocoton-zero-1-l/R-VC4AECOMM-547114/p
Bebidas,Ginebra Bombay Sapphire 1 l.,"26,99 €","26,99 €/l",https://www.carrefour.es/supermercado/ginebra-bombay-sapphire-1-l-bombay-sapphire/R-fprod1440110/p
Bebidas,"Tinto de verano clásico La Casera botella 1,5 l.","1,86 €","1,24 €/l",https://www.carrefour.es/supermercado/tinto-de-verano-clasico-la-casera-botella-1-5-l-la-casera/R-520661445/p
Bebidas,Coca Cola plus coffee sin azucar lata 25 cl.,"0,74 €","2,96 €/l",https://www.carrefour.es/supermercado/coca-cola-plus-coffee-sin-azucar-lata-25-cl-coca-cola/R-prod870783/p
Bebidas,"Fanta de limón 1,25 l.","1,31 €","1,05 €/l",https://www.carrefour.es/supermercado/fanta-de-limon-1-25-l-fanta/R-prod1010242/p
Bebidas,Whisky Johnnie Walker escocés 1 l.,"16,70 €","16,70 €/l",https://www.carrefour.es/supermercado/whisky-johnnie-walker-escoces-1-l-johnnie-walker/R-521014889/p
Bebidas,Vodka Absolut 70 cl.,"12,40 €","17,71 €/l",https://www.carrefour.es/supermercado/vodka-absolut-70-cl-absolut/R-520662999/p
Bebidas,"Agua mineral Carrefour con limón y pomelo 1,5 l.","0,85 €","0,57 €/l",https://www.carrefour.es/supermercado/agua-mineral-carrefour-con-limon-y-pomelo-1-5-l/R-VC4AECOMM-548117/p
Bebidas,Vino D.O. Montilla-Moriles fino La Sultana 70 cl.,"2,65 €","2,65 €/ud",https://www.carrefour.es/supermercado/vino-do-montilla-moriles-fino-la-sultana-70-cl-la-sultana/R-520662948/p
Bebidas,"Refresco de manzana Trina sin gas botella 1,5 l.","1,65 €","1,10 €/l",https://www.carrefour.es/supermercado/refresco-de-manzana-trina-sin-gas-botella-1-5-l-trina/R-698405681/p
Bebidas,Vino tinto gran reserva Marqués de Valido D.O.Ca Rioja 75 cl.,"1,01 €","12,00 €/ud",https://www.carrefour.es/supermercado/vino-tinto-gran-reserva-marques-de-valido-doca-rioja-75-cl-marques-de-valido/R-prod460120/p
Bebidas,Mar De Frades Blanco 2019,"14,90 €","14,90 €/ud",https://www.carrefour.es/supermercado/vino-do-rias-baixas-blanco-albarino-mar-de-frades-75-cl-mar-de-frades/R-526565684/p
Bebidas,Protos Tinto Fino Tinto 2018,"10,45 €","10,45 €/ud",https://www.carrefour.es/supermercado/vino-do-ribera-del-duero-tinto-fino-protos-75-cl-protos/R-prod221375/p
Bebidas,Vino rosado Tres Reinos D.O.Ca. Rioja 75 cl.,"2,15 €","2,15 €/ud",https://www.carrefour.es/supermercado/vino-rosado-tres-reinos-doca-rioja-75-cl-3-reinos/R-prod590334/p
Bebidas,Cerveza Heineken Lager lata 33 cl.,"0,66 €","2,00 €/l",https://www.carrefour.es/supermercado/cerveza-heineken-lager-lata-33-cl-heineken/R-520661303/p
Bebidas,"Tinto de verano clásico Don Simón botella 1,5 l.","1,15 €","0,77 €/l",https://www.carrefour.es/supermercado/tinto-de-verano-clasico-don-simon-botella-1-5-l-don-simon/R-520661449/p
Bebidas,Vino blanco de mesa Castillo del Duque botella 75 cl.,"0,95 €","1,27 €/l",https://www.carrefour.es/supermercado/vino-blanco-de-mesa-castillo-del-duque-botella-75-cl-castillo-del-duque/R-773504167/p
Bebidas,Gran Plus Ultra Cava Reserva 2016,"14,15 €","14,15 €/ud",https://www.carrefour.es/supermercado/cava-codorniu-brut-nature-reserva-75-cl-codorniu-anna/R-521007969/p
Bebidas,Cerveza Bock Damm Munich negra lata 33 cl.,"0,80 €","2,42 €/l",https://www.carrefour.es/supermercado/cerveza-bock-damm-munich-negra-lata-33-cl-bock-damm/R-521028206/p
Bebidas,Cava Jaume Serra brut nature reserva 75 cl.,"3,60 €","3,60 €/ud",https://www.carrefour.es/supermercado/cava-jaume-serra-brut-nature-reserva-75-cl-jaume-serra/R-521009220/p
Bebidas,Zumo de fresa y plátano Juver pack de 6 briks de 20 cl.,"1,37 €","1,14 €/l",https://www.carrefour.es/supermercado/zumo-de-fresa-y-platano-juver-pack-de-6-briks-de-20-cl-juver/R-757834441/p
Bebidas,Vino D.O. Rías Baixas blanco albariño Xovial 75 cl.,"6,29 €","6,29 €/ud",https://www.carrefour.es/supermercado/vino-do-rias-baixas-blanco-albarino-xovial-75-cl-xovial/R-773504169/p
Bebidas,Refresco de cola Pepsi light pack de 9 latas de 33 cl.,"5,05 €","1,70 €/l",https://www.carrefour.es/supermercado/refresco-de-cola-pepsi-light-pack-de-9-latas-de-33-cl-pepsi/R-648200882/p
Bebidas,Vino D.O. Rioja tinto reserva Monte Haro Federico Paternina pack de 6 botellas de 75 cl.,"24,45 €","24,45 €/ud",https://www.carrefour.es/supermercado/vino-do-rioja-tinto-reserva-monte-haro-federico-paternina-pack-de-6-botellas-de-75-cl-federico-paternina/R-805525727/p
Bebidas,Fanta de naranja botella 50 cl.,"1,20 €","2,40 €/l",https://www.carrefour.es/supermercado/fanta-de-naranja-botella-50-cl-fanta/R-520660535/p
Bebidas,Refresco de cola Pepsi lata 33 cl.,"0,56 €","1,70 €/l",https://www.carrefour.es/supermercado/refresco-de-cola-pepsi-lata-33-cl-pepsi/R-520660454/p
Bebidas,Whisky J&B escocés 15 años 70 cl.,"24,05 €","34,36 €/l",https://www.carrefour.es/supermercado/whisky-jb-escoces-15-anos-70-cl-jb/R-521033447/p
Bebidas,Vino D.O. Rioja tinto reserva Lagunilla 4 botellas de 75 cl.,"3,49 €","30,00 €/ud",https://www.carrefour.es/supermercado/vino-do-rioja-tinto-reserva-lagunilla-4-botellas-de-75-cl-lagunilla/R-575701975/p
Bebidas,Naranjas exprimidas con kiwi Juver 1 l.,"2,60 €","1,59 €/l",https://www.carrefour.es/supermercado/naranjas-exprimidas-con-kiwi-juver-1-l-juver/R-fprod1280604/p
Bebidas,Naranjas exprimidas con fresa Juver 1 l.,"16,55 €","1,59 €/l",https://www.carrefour.es/supermercado/naranjas-exprimidas-con-fresa-juver-1-l-juver/R-fprod1280605/p
Bebidas,Green Cola zero azúcar pack 6 latas 33 cl.,"2,60 €","1,76 €/l",https://www.carrefour.es/supermercado/green-cola-zero-azucar-pack-6-latas-33-cl/R-fprod1480143/p
Bebidas,Sidra Ecológica Menendez natural 70 cl.,"2,50 €","2,60 €/ud",https://www.carrefour.es/supermercado/sidra-ecologica-menendez-natural-70-cl-menendez/R-prod780683/p
Bebidas,"Cerveza rubia Lagunitas tipo IPA India Pale Ale botella 35,5 cl.","2,45 €","6,90 €/l",https://www.carrefour.es/supermercado/cerveza-rubia-lagunitas-tipo-ipa-india-pale-ale-botella-35-5-cl-lagunitas/R-fprod1190505/p
Bebidas,Zumo de piña y uva Zumosol exprimido pack de 3 briks de 20 cl.,"1,48 €","2,47 €/l",https://www.carrefour.es/supermercado/zumo-de-pina-y-uva-zumosol-exprimido-pack-de-3-briks-de-20-cl-zumosol/R-prod290219/p
Bebidas,Refresco de cola Pepsi light pack de 4 botellas de 2 l.,"5,10 €","0,64 €/l",https://www.carrefour.es/supermercado/refresco-de-cola-pepsi-light-pack-de-4-botellas-de-2-l-pepsi/R-526715470/p
Bebidas,"Cerveza Founders All Day tipo IPA 35,5 cl.","1,99 €","5,61 €/l",https://www.carrefour.es/supermercado/cerveza-founders-all-day-tipo-ipa-35-5-cl/R-VC4AECOMM-557914/p
Bebidas,Zumo de mango y aloe ecológico Delizum botella 1 l.,"2,65 €","2,65 €/l",https://www.carrefour.es/supermercado/zumo-de-mango-y-aloe-ecologico-delizum-botella-1-l-delizum/R-590215623/p
Bebidas,Refresco de té Carrefour sabor melocotón lata 33 cl.,"0,30 €","0,91 €/l",https://www.carrefour.es/supermercado/refresco-de-te-carrefour-sabor-melocoton-lata-33-cl-carrefour/R-814300277/p
Bebidas,"Cerveza Ambar Radler 0,0 sin alcohol con limón lata 33 cl.","0,64 €","1,94 €/l",https://www.carrefour.es/supermercado/cerveza-ambar-radler-0-0-sin-alcohol-con-limon-lata-33-cl-ambar/R-844803449/p
Bebidas,Tio Pepe Generoso,"7,75 €","7,75 €/ud",https://www.carrefour.es/supermercado/vino-do-jerez-fino-tio-pepe-75-cl-tio-pepe/R-520662930/p
Bebidas,Terras Gauda Blanco 2019,"12,90 €","12,90 €/ud",https://www.carrefour.es/supermercado/vino-do-rias-baixas-albarino-blanco-terras-gauda-75-cl-terras-gauda/R-520662742/p
Bebidas,Zumo de naranja recién exprimido Carrefour 500 ml,"2,33 €","3,10 €/l",https://www.carrefour.es/supermercado/zumo-de-naranja-recien-exprimido-carrefour-500-ml-carrefour/R-prod840494/p
Bebidas,Bebida de fruta naranja y mango Granini Selección Mix botella 1 l.,"2,50 €","2,33 €/l",https://www.carrefour.es/supermercado/bebida-de-fruta-naranja-y-mango-granini-seleccion-mix-botella-1-l-granini/R-520660931/p
Bebidas,Cerveza rubia Amstel 100% malta pack 6 botellas 25 cl.,"0,93 €","1,67 €/l",https://www.carrefour.es/supermercado/cerveza-rubia-amstel-100-malta-pack-6-botellas-25-cl-amstel/R-521011813/p
Bebidas,Cerveza Mahou 5 Estrellas especial lata 50 cl.,"1,27 €","1,86 €/l",https://www.carrefour.es/supermercado/cerveza-mahou-5-estrellas-especial-lata-50-cl-mahou-5-estrellas/R-521014198/p
Bebidas,Cerveza Franziskaner Weissbier Naturtrüb lata 50 cl.,"2,25 €","2,54 €/l",https://www.carrefour.es/supermercado/cerveza-franziskaner-weissbier-naturtrub-lata-50-cl-franziskaner/R-521028218/p
Bebidas,Zumo de piña ecológico Valfrutta botella 1 l.,"3,65 €","2,25 €/l",https://www.carrefour.es/supermercado/zumo-de-pina-ecologico-valfrutta-botella-1-l-valfruta/R-fprod1280631/p
Bebidas,Whisky Loch Castle escocés 70 cl.,"15,35 €","10,71 €/l",https://www.carrefour.es/supermercado/whisky-loch-castle-escoces-70-cl-loch-castle/R-521028101/p
Bebidas,Zumo de naranja y mango Carrefour botella 1 l.,"2,79 €","3,65 €/l",https://www.carrefour.es/supermercado/zumo-de-naranja-y-mango-carrefour-botella-1-l-carrefour/R-827324487/p
Bebidas,Santa Teresa Ron Reserva,"1,83 €","21,93 €/l",https://www.carrefour.es/supermercado/ron-santa-teresa-anejo-gran-reserva-70-cl-santa-teresa/R-522714069/p
Bebidas,Cerveza San Miguel especial Lager pack de 6 botellas de 25 cl.,"1,04 €","1,86 €/l",https://www.carrefour.es/supermercado/cerveza-san-miguel-especial-lager-pack-de-6-botellas-de-25-cl-san-miguel/R-520661307/p
Bebidas,Zumo de melocotón Juver exprimido brik 1 l.,"2,55 €","1,83 €/l",https://www.carrefour.es/supermercado/zumo-de-melocoton-juver-exprimido-brik-1-l-juver/R-prod880075/p
Bebidas,"Agua Solán de Cabras Repair con zumo de granada, uva y aloe vera 33 cl.","7,35 €","3,15 €/l",https://www.carrefour.es/supermercado/agua-solan-de-cabras-repair-con-zumo-de-granada-uva-y-aloe-vera-33-cl-solan-de-cabras/R-prod810265/p
Bebidas,Zumo de naranja Tropicana exprimido con pulpa botella 90 cl.,"15,80 €","2,83 €/l",https://www.carrefour.es/supermercado/zumo-de-naranja-tropicana-exprimido-con-pulpa-botella-90-cl-tropicana/R-fprod1180080/p
Bebidas,Bombay Sapphire Ginebra,"21,95 €","31,36 €/l",https://www.carrefour.es/supermercado/ginebra-bombay-sapphire-70-cl-bombay-sapphire/R-521028346/p
Bebidas,Tónica Royal Bliss lime sensation botella 20 cl.,"0,98 €","4,90 €/l",https://www.carrefour.es/supermercado/tonica-royal-bliss-lime-sensation-botella-20-cl-royal-bliss/R-prod1022332/p
Bebidas,Vodka Vikoroff 70 cl.,"4,45 €","6,36 €/l",https://www.carrefour.es/supermercado/vodka-vikoroff-70-cl-vikoroff/R-520663007/p
Bebidas,Zumo de manzana Juver exprimido brik 1 l.,"1,83 €","1,83 €/l",https://www.carrefour.es/supermercado/zumo-de-manzana-juver-exprimido-brik-1-l-juver/R-prod880078/p
Bebidas,Zumo de manzana ecológico Don Simón brik 1 l.,"2,75 €","2,75 €/l",https://www.carrefour.es/supermercado/zumo-de-manzana-ecologico-don-simon-brik-1-l-don-simon/R-prod1000073/p
Bebidas,Vino tinto de mesa Vegas del Rivilla botella 2 l.,"2,35 €","1,17 €/l",https://www.carrefour.es/supermercado/vino-tinto-de-mesa-vegas-del-rivilla-botella-2-l-vegas-del-rivilla/R-530014417/p
Bebidas,"Refresco Antarctica con gas sabor guaraná botella 1,5 l.","2,36 €","1,57 €/l",https://www.carrefour.es/supermercado/refresco-antarctica-con-gas-sabor-guarana-botella-1-5-l-antarctica/R-590206947/p
Bebidas,Cerveza Inedit Damm malta botella 75 cl.,"3,50 €","46,67 €/l",https://www.carrefour.es/supermercado/cerveza-inedit-damm-malta-botella-75-cl-inedit-damm/R-546003929/p
Bebidas,Vino blanco semi-dulce Solar de Ricot botella 75 cl.,"2,09 €","2,79 €/l",https://www.carrefour.es/supermercado/vino-blanco-semi-dulce-solar-de-ricot-botella-75-cl-solar-de-ricot/R-665401998/p
Bebidas,Pepsi light pack 12 latas 33 cl.,"5,50 €","1,39 €/l",https://www.carrefour.es/supermercado/pepsi-light-pack-12-latas-33-cl/R-VC4AECOMM-497199/p
Bebidas,Cerveza artesana Carrefour Sensation Blanca Trigo botella 33 cl.,"1,14 €","3,45 €/l",https://www.carrefour.es/supermercado/cerveza-artesana-carrefour-sensation-blanca-trigo-botella-33-cl/R-VC4AECOMM-573246/p
Bebidas,Cerveza San Miguel Selecta lata 33 cl.,"0,81 €","2,45 €/l",https://www.carrefour.es/supermercado/cerveza-san-miguel-selecta-lata-33-cl-san-miguel/R-520661136/p
Bebidas,Bebida energética Burn zero 50 cl.,"1,02 €","2,04 €/l",https://www.carrefour.es/supermercado/bebida-energetica-burn-zero-50-cl-burn/R-770104709/p
Bebidas,Zumo de mango y manzana Juver-Disfruta sin azucar brik 2 l.,"2,39 €","1,19 €/l",https://www.carrefour.es/supermercado/zumo-de-mango-y-manzana-juver-disfruta-sin-azucar-brik-2-l-juver-disfruta/R-777306795/p
Bebidas,Cerveza San Miguel premium 1516 botella 33 cl.,"1,00 €","3,03 €/l",https://www.carrefour.es/supermercado/cerveza-san-miguel-premium-1516-botella-33-cl-san-miguel/R-640001995/p
Bebidas,Marques De Riscal Tinto Reserva 2015,"14,40 €","14,40 €/ud",https://www.carrefour.es/supermercado/vino-tinto-reserva-marques-de-riscal-doca-rioja-75-cl-marques-de-riscal/R-520662526/p
Bebidas,Vino blanco verdejo Faustino Rivero V.T.Castilla 75 cl.,"3,80 €","3,80 €/ud",https://www.carrefour.es/supermercado/vino-blanco-verdejo-faustino-rivero-vtcastilla-75-cl-faustino-rivero-ulecia/R-870701851/p
Bebidas,Ederra Tinto 2017,"6,15 €","6,15 €/ud",https://www.carrefour.es/supermercado/vino-do-rioja-tinto-crianza-ederra-75-cl-ederra/R-520662462/p
Bebidas,Cerveza negra Carrefour botella 33 cl.,"0,65 €","1,97 €/l",https://www.carrefour.es/supermercado/cerveza-negra-carrefour-botella-33-cl/R-fprod1480065/p
Bebidas,Cerveza San Miguel especial Lager lata 33 cl.,"0,57 €","1,73 €/l",https://www.carrefour.es/supermercado/cerveza-san-miguel-especial-lager-lata-33-cl-san-miguel/R-521007936/p
Bebidas,Whisky Dyc 1 l.,"10,91 €","10,91 €/l",https://www.carrefour.es/supermercado/whisky-dyc-1-l-dyc/R-520662284/p
Bebidas,Cerveza Cruzcampo Especial pack 6 botellas de 20 cl.,"2,81 €","2,34 €/l",https://www.carrefour.es/supermercado/cerveza-cruzcampo-especial-pack-6-botellas-de-20-cl/R-VC4AECOMM-476377/p
Bebidas,Cerveza rubia Amstel 100% malta pack 12 botellas 25 cl.,"4,89 €","1,63 €/l",https://www.carrefour.es/supermercado/cerveza-rubia-amstel-100-malta-pack-12-botellas-25-cl-amstel/R-521028275/p
Bebidas,Petroni,"13,95 €","13,95 €/l",https://www.carrefour.es/supermercado/vermut-st-petroni-rojo-1-l-st-petroni/R-765207061/p
Bebe,Toallitas bebé fres aloe vera Carrefour 80 ud.,"0,93 €","0,01 €/ud",https://www.carrefour.es/supermercado/toallitas-bebe-fres-aloe-vera-carrefour-80-ud-carrefour-baby/R-687502746/p
Bebe,Toallitas bebé fresh aloe vera Carrefour Baby 6x80 uds.,"8,10 €","0,01 €/ud",https://www.carrefour.es/supermercado/toallitas-bebe-fresh-aloe-vera-carrefour-baby-6x80-uds-carrefour-baby/R-521036825/p
Bebe,Toallitas de Bebé Dodot Sensitive Recambio 4x54 uds,"37,60 €","0,04 €/ud",https://www.carrefour.es/supermercado/toallitas-de-bebe-dodot-sensitive-recambio-4x54-uds-dodot-sensitive/R-682909200/p
Bebe,Pañales Dodot XXL Talla 5 (11-16 kg) 168 uds,"19,95 €","0,22 €/ud",https://www.carrefour.es/supermercado/panales-dodot-xxl-talla-5-11-16-kg-168-uds-dodot/R-859823263/p
Bebe,Toallitas de Bebé con Tapa Aqua Pure Dodot 3x48 uds,"19,95 €","0,06 €/ud",https://www.carrefour.es/supermercado/toallitas-de-bebe-con-tapa-aqua-pure-dodot-3x48-uds-dodot/R-prod1120153/p
Bebe,Pañales Dodot Azul Extra Talla 5 (12-17 kg) 66 uds,"22,45 €","0,34 €/ud",https://www.carrefour.es/supermercado/panales-dodot-azul-extra-talla-5-12-17-kg-66-uds-dodot/R-830827072/p
Bebe,Pañales Dodot Azul Extra Talla 4 (10-15 kg) 74 uds,"37,60 €","0,30 €/ud",https://www.carrefour.es/supermercado/panales-dodot-azul-extra-talla-4-10-15-kg-74-uds-dodot/R-808455615/p
Bebe,Pañales Dodot Activity Extra Tecnología Canal Talla 4 (10-15 kg) 52 uds,"1,45 €","0,43 €/ud",https://www.carrefour.es/supermercado/panales-dodot-activity-extra-tecnologia-canal-talla-4-10-15-kg-52-uds-dodot-activity-extra/R-829518871/p
Bebe,Pañales Dodot XXL Talla 4 (9-14 Kg) 180 uds,"0,75 €","0,21 €/ud",https://www.carrefour.es/supermercado/panales-dodot-xxl-talla-4-9-14-kg-180-uds-dodot/R-859823261/p
Bebe,Leche de Continuación Puleva Peques 3 Líquida Slim 1l,"5,85 €","1,45 €/l",https://www.carrefour.es/supermercado/leche-de-continuacion-puleva-peques-3-liquida-slim-1l-puleva/R-521028708/p
Bebe,Bastoncillos Carrefour Baby 50 ud.,"1,53 €","0,01 €/ud",https://www.carrefour.es/supermercado/bastoncillos-carrefour-baby-50-ud-carrefour-baby/R-fprod1220489/p
Bebe,Tarrito Frutas Variadas Hero Baby 6x235 gr,"2,85 €","4,15 €/kg",https://www.carrefour.es/supermercado/tarrito-frutas-variadas-hero-baby-6x235-gr-hero-baby/R-521033400/p
Bebe,Toallitas para bebé con tapa Dodot 64 ud.,"19,95 €","0,02 €/ud",https://www.carrefour.es/supermercado/toallitas-para-bebe-con-tapa-dodot-64-ud-dodot/R-prod80962/p
Bebe,Limpiador de biberones y tetinas ecológico Frosch 500 ml.,"0,99 €","5,70 €/100ml",https://www.carrefour.es/supermercado/limpiador-de-biberones-y-tetinas-ecologico-frosch-500-ml-frosch/R-826004689/p
Bebe,Pañales Carrefour Baby Ultra Dry Talla 5 (12-20 kg) 160 ud.,"0,99 €","0,13 €/ud",https://www.carrefour.es/supermercado/panales-carrefour-baby-ultra-dry-talla-5-12-20-kg-160-ud-carrefour-baby/R-prod970331/p
Bebe,Pañales Dodot Talla 6 +14 kg 56 ud.,"3,30 €","0,37 €/ud",https://www.carrefour.es/supermercado/panales-dodot-talla-6-14-kg-56-ud-dodot/R-fprod1280710/p
Bebe,Pañales Carrefour Baby Ultra Dry Talla 4 (7-18 kg) 180 uds,"0,94 €","0,12 €/ud",https://www.carrefour.es/supermercado/panales-carrefour-baby-ultra-dry-talla-4-7-18-kg-180-uds-carrefour-baby/R-prod970333/p
Bebe,Tarrito de verduras con pavo desde 6 meses Hero Baby 235 g.,"19,95 €","4,21 €/kg",https://www.carrefour.es/supermercado/tarrito-de-verduras-con-pavo-desde-6-meses-hero-baby-235-g-hero-baby/R-521034211/p
Bebe,Tarrito de verduras con merluza desde 8 meses Hero Baby 235 g.,"37,60 €","4,21 €/kg",https://www.carrefour.es/supermercado/tarrito-de-verduras-con-merluza-desde-8-meses-hero-baby-235-g-hero-baby/R-521033530/p
Bebe,Protector Absorbente Carrefour Baby10 ud.,"0,99 €","0,33 €/ud",https://www.carrefour.es/supermercado/protector-absorbente-carrefour-baby10-ud-carrefour-baby/R-521010863/p
Bebe,Toallitas para bebé para piel atópica Carrefour Baby 63 ud.,"1,68 €","0,03 €/ud",https://www.carrefour.es/supermercado/toallitas-para-bebe-para-piel-atopica-carrefour-baby-63-ud-carrefour-baby/R-590211529/p
Bebe,Pañales Dodot activity Extra Talla 6 (+16 kg) 44 ud.,"22,45 €","0,51 €/ud",https://www.carrefour.es/supermercado/panales-dodot-activity-extra-talla-6-16-kg-44-ud-dodot/R-prod1170099/p
Bebe,Tarrito de lenguado con crema bechamel desde 8 meses Hero Baby 235 g.,"0,99 €","4,21 €/kg",https://www.carrefour.es/supermercado/tarrito-de-lenguado-con-crema-bechamel-desde-8-meses-hero-baby-235-g-hero-baby/R-521033526/p
Bebe,Tarrito de zanahorias con ternera desde 6 meses Hero Baby 235 g.,"0,99 €","4,21 €/kg",https://www.carrefour.es/supermercado/tarrito-de-zanahorias-con-ternera-desde-6-meses-hero-baby-235-g-hero-baby/R-521033516/p
Bebe,Toallitas húmedas con aloe vera Carrefour Baby 24 ud.,"0,70 €","0,03 €/ud",https://www.carrefour.es/supermercado/toallitas-humedas-con-aloe-vera-carrefour-baby-24-ud-carrefour-baby/R-716511024/p
Bebe,Leche de Continuación Puleva Peques 3 con Cereales 1l,"1,45 €","1,45 €/l",https://www.carrefour.es/supermercado/leche-de-continuacion-puleva-peques-3-con-cereales-1l-puleva/R-521028710/p
Bebe,Papilla infantil desde 6 meses 8 Cereales con Galleta María Nestlé 1200 g.,"6,25 €","5,21 €/kg",https://www.carrefour.es/supermercado/papilla-infantil-desde-6-meses-8-cereales-con-galleta-maria-nestle-1200-g-nestle/R-635101923/p
Bebe,Tarrito de verduras con pollo y ternera desde 6 meses Hero Baby 235 g.,"0,99 €","4,21 €/kg",https://www.carrefour.es/supermercado/tarrito-de-verduras-con-pollo-y-ternera-desde-6-meses-hero-baby-235-g-hero-baby/R-521033512/p
Bebe,Pañales Dodot Activity Extra Tecnología Canal Talla 3 (7-11 kg) 60 uds,"22,45 €","0,37 €/ud",https://www.carrefour.es/supermercado/panales-dodot-activity-extra-tecnologia-canal-talla-3-7-11-kg-60-uds-dodot-activity-extra/R-829518869/p
Bebe,Pañales Dodot XXL Talla 3 (6-10 kg) 192 uds,"37,60 €","0,20 €/ud",https://www.carrefour.es/supermercado/panales-dodot-xxl-talla-3-6-10-kg-192-uds-dodot/R-859823259/p
Bebe,Tarrito de guisantes con jamón cocido desde 6 meses Hero Baby Buenas noches pack de 2 unidades de 190 g.,"1,84 €","4,84 €/kg",https://www.carrefour.es/supermercado/tarrito-de-guisantes-con-jamon-cocido-desde-6-meses-hero-baby-buenas-noches-pack-de-2-unidades-de-190-g-hero-babynoches/R-521028808/p
Bebe,Pañales Dodot sensitive Talla 1 (2-5 kg) 140 ud.,"4,15 €","0,18 €/ud",https://www.carrefour.es/supermercado/panales-dodot-sensitive-talla-1-2-5-kg-140-ud-dodot/R-fprod1310118/p
Bebe,"Preparado de plátano, pera y naranja ecológica Hero Solo pack 4 unidades de 100 g.","1,84 €","10,37 €/kg",https://www.carrefour.es/supermercado/preparado-de-platano-pera-y-naranja-ecologica-hero-solo-pack-4-unidades-de-100-g/R-VC4AECOMM-445578/p
Bebe,Papilla infantil desde 6 meses 8 Cereales sin azúcares añadidos Hero Baby sin lactosa sin aceite de palma 820 gr,"1,65 €","6,89 €/kg",https://www.carrefour.es/supermercado/papilla-infantil-desde-6-meses-8-cereales-sin-azucares-anadidos-hero-baby-sin-lactosa-sin-aceite-de-palma-820-gr-hero-baby/R-prod1161192/p
Bebe,Postre lácteo natural desde 6 meses Nestlé Yogolino sin gluten sin aceite de palma pack de 8 unidades de 100 g.,"1,84 €","4,81 €/kg",https://www.carrefour.es/supermercado/postre-lacteo-natural-desde-6-meses-nestle-yogolino-sin-gluten-sin-aceite-de-palma-pack-de-8-unidades-de-100-g-nestle-yogolino/R-870200774/p
Bebe,Tarrito de lentejas con verduritas desde 8 meses Hero Baby pack de 2 unidades de 190 g.,"45,99 €","4,84 €/kg",https://www.carrefour.es/supermercado/tarrito-de-lentejas-con-verduritas-desde-8-meses-hero-baby-pack-de-2-unidades-de-190-g-hero-babyrecetas/R-551303129/p
Bebe,Snack zanahorias y maíz desde 10 meses ecológico Hero Solo 40 g.,"6,25 €","41,25 €/kg",https://www.carrefour.es/supermercado/snack-zanahorias-y-maiz-desde-10-meses-ecologico-hero-solo-40-g/R-VC4AECOMM-509655/p
Bebe,Tarrito de menestra de cordero a la crema desde 6 meses Hero Baby pack de 2 unidades de 190 g.,"1,48 €","4,84 €/kg",https://www.carrefour.es/supermercado/tarrito-de-menestra-de-cordero-a-la-crema-desde-6-meses-hero-baby-pack-de-2-unidades-de-190-g-hero-babyrecetas/R-654501662/p
Bebe,Pañales Dodot sensitive Talla 3 (6kg -10kg) 168 ud.,"4,09 €","0,27 €/ud",https://www.carrefour.es/supermercado/panales-dodot-sensitive-talla-3-6kg-10kg-168-ud-dodot/R-fprod1310125/p
Bebe,Champú Johnson's Baby 500 ml.,"3,29 €","0,66 €/100ml",https://www.carrefour.es/supermercado/champu-johnsons-baby-500-ml-johnsons-baby/R-prod1120667/p
Bebe,Champú Gotas de brillo Johnson's 500 ml.,"3,15 €","0,63 €/100ml",https://www.carrefour.es/supermercado/champu-gotas-de-brillo-johnsons-500-ml-johnsons-baby/R-prod1120669/p
Bebe,Tarrito de cocido con ternera desde 8 meses Hero Baby pack de 2 unidades de 190 g.,"1,84 €","4,84 €/kg",https://www.carrefour.es/supermercado/tarrito-de-cocido-con-ternera-desde-8-meses-hero-baby-pack-de-2-unidades-de-190-g-hero-babyrecetas/R-551303131/p
Bebe,Pants Dodot T6 (15 + kg) 56 ud.,"2,05 €","0,36 €/ud",https://www.carrefour.es/supermercado/pants-dodot-t6-15-kg-56-ud/R-VC4AECOMM-494147/p
Bebe,Toallitas para bebé sin perfume ecológicas Carrefour Bio 64 ud.,"2,80 €","0,03 €/ud",https://www.carrefour.es/supermercado/toallitas-para-bebe-sin-perfume-ecologicas-carrefour-bio-64-ud-carrefour-bio/R-prod500066/p
Bebe,Gel de Baño Dove Baby Hidratación Profunda de la Cabeza a los Pies 400ml,"2,55 €","0,70 €/100ml",https://www.carrefour.es/supermercado/gel-de-bano-dove-baby-hidratacion-profunda-de-la-cabeza-a-los-pies-400ml-dove/R-prod870711/p
Bebe,Tarrito de verduritas con papata y salmón desde 8 meses ecológico Carrefour Baby Bio sin gluten pack de 2 unidades de 200 g.,"6,25 €","6,37 €/kg",https://www.carrefour.es/supermercado/tarrito-de-verduritas-con-papata-y-salmon-desde-8-meses-ecologico-carrefour-baby-bio-sin-gluten-pack-de-2-unidades-de-200-g/R-VC4AECOMM-432800/p
Bebe,Papilla infantil desde 6 meses 8 cereales con miel Nestlé sin aceite de palma 1200 g.,"4,09 €","5,21 €/kg",https://www.carrefour.es/supermercado/papilla-infantil-desde-6-meses-8-cereales-con-miel-nestle-sin-aceite-de-palma-1200-g-nestle/R-521028917/p
Bebe,Postre lácteo de plátano desde 6 meses Nestlé Yogolino sin gluten sin aceite de palma pack de 8 unidades de 100 g.,"0,80 €","5,11 €/kg",https://www.carrefour.es/supermercado/postre-lacteo-de-platano-desde-6-meses-nestle-yogolino-sin-gluten-sin-aceite-de-palma-pack-de-8-unidades-de-100-g-nestle-yogolino/R-823705692/p
Bebe,Esponja suave bebé Carrefour 1 ud.,"2,15 €","0,80 €/ud",https://www.carrefour.es/supermercado/esponja-suave-bebe-carrefour-1-ud-carrefour/R-fprod1280749/p
Bebe,Postre lácteo de natillas desde 6 meses Nestlé Yogolino sin gluten sin aceite de palma pack de 4 unidades de 100 g.,"5,15 €","5,37 €/kg",https://www.carrefour.es/supermercado/postre-lacteo-de-natillas-desde-6-meses-nestle-yogolino-sin-gluten-sin-aceite-de-palma-pack-de-4-unidades-de-100-g-nestle-yogolino/R-654702009/p
Bebe,Colonia para bebé fragancia original Nenuco 1200 ml,"3,90 €","0,43 €/100ml",https://www.carrefour.es/supermercado/colonia-para-bebe-fragancia-original-nenuco-1200-ml-nenuco/R-530014649/p
Bebe,Snacks de Guisantes y Maíz Ecológicos Hero Baby Solo 50 g,"5,20 €","30,40 €/kg",https://www.carrefour.es/supermercado/snacks-de-guisantes-y-maiz-ecologicos-hero-baby-solo-50-g-hero/R-fprod1180194/p
Bebe,Preparado de plátano y fresa sin azúcar añadido Hero Mi fruta pack de 4 bolsitas de 100 g.,"0,80 €","9,75 €/kg",https://www.carrefour.es/supermercado/preparado-de-platano-y-fresa-sin-azucar-anadido-hero-mi-fruta-pack-de-4-bolsitas-de-100-g-hero/R-prod1022844/p
Bebe,Gel de ducha ultra suave Nenuco 1125 ml,"2,55 €","0,46 €/100ml",https://www.carrefour.es/supermercado/gel-de-ducha-ultra-suave-nenuco-1125-ml-nenuco/R-551303069/p
Bebe,Preparado de frutas mediterráneo Hero Nanos sin gluten bolsita de 100 g.,"20,66 €","8,00 €/kg",https://www.carrefour.es/supermercado/preparado-de-frutas-mediterraneo-hero-nanos-sin-gluten-bolsita-de-100-g-hero-nanos/R-748813084/p
Bebe,Tarrito de verduritas con dorada desde 8 meses ecológico Carrefour Baby Bio sin gluten pack de 2 unidades de 200 g.,"16,20 €","6,37 €/kg",https://www.carrefour.es/supermercado/tarrito-de-verduritas-con-dorada-desde-8-meses-ecologico-carrefour-baby-bio-sin-gluten-pack-de-2-unidades-de-200-g/R-VC4AECOMM-432845/p
Bebe,Pañales Dodot Sensitive Recién Nacido Talla 2 (4-8 kg) 92 uds,"1,64 €","0,22 €/ud",https://www.carrefour.es/supermercado/panales-dodot-sensitive-recien-nacido-talla-2-4-8-kg-92-uds-dodot-sensitive/R-829518813/p
Bebe,Pañales Carrefour Baby Ultra Dry Talla 6 (+16 kg) 70 ud.,"1,71 €","0,23 €/ud",https://www.carrefour.es/supermercado/panales-carrefour-baby-ultra-dry-talla-6-16-kg-70-ud/R-VC4AECOMM-472114/p
Bebe,Snacks de Lentejas y Maíz Ecológicos Hero Baby Solo 50 g,"3,95 €","32,80 €/kg",https://www.carrefour.es/supermercado/snacks-de-lentejas-y-maiz-ecologicos-hero-baby-solo-50-g-hero/R-prod620222/p
Bebe,Compota de manzana y fresa Carrefour Kids pack de 4 bolsitas de 90 g.,"2,65 €","4,75 €/kg",https://www.carrefour.es/supermercado/compota-de-manzana-y-fresa-carrefour-kids-pack-de-4-bolsitas-de-90-g-carrefour-kids/R-827618741/p
Bebe,Tarrito de pollo con verduras desde 6 meses sin sal añadida Hero Baby Buenas noches sin aceite de palma pack de 6 unidades de 190 g.,"5,52 €","4,60 €/kg",https://www.carrefour.es/supermercado/tarrito-de-pollo-con-verduras-desde-6-meses-sin-sal-anadida-hero-baby-buenas-noches-sin-aceite-de-palma-pack-de-6-unidades-de-190-g-hero-babynoches/R-614101835/p
Bebe,Jabón Líquido Dulces Sueños Johnson's 750 ml,"1,46 €","0,41 €/100ml",https://www.carrefour.es/supermercado/jabon-liquido-dulces-suenos-johnsons-750-ml-johnsons/R-prod1070222/p
Bebe,Leche de Continuación Puleva Peques 3 con Cereales y Fruta 600ml,"2,15 €","2,43 €/l",https://www.carrefour.es/supermercado/leche-de-continuacion-puleva-peques-3-con-cereales-y-fruta-600ml-puleva/R-521028716/p
Bebe,Postre lácteo de pera desde 6 meses Nestlé Yogolino sin gluten sin aceite de palma pack de 4 unidades de 100 g.,"1,20 €","5,37 €/kg",https://www.carrefour.es/supermercado/postre-lacteo-de-pera-desde-6-meses-nestle-yogolino-sin-gluten-sin-aceite-de-palma-pack-de-4-unidades-de-100-g-nestle-yogolino/R-794746555/p
Bebe,Crecimiento Nestlé Junior Original a partir de 1 Año 1l,"1,00 €","1,20 €/l",https://www.carrefour.es/supermercado/crecimiento-nestle-junior-original-a-partir-de-1-ano-1l-nestle-junior/R-521028700/p
Bebe,"Tarrito de pera, plátano y zanahoria desde 4 meses ecológico Hero Baby Solo 120 g.","3,85 €","8,33 €/kg",https://www.carrefour.es/supermercado/tarrito-de-pera-platano-y-zanahoria-desde-4-meses-ecologico-hero-baby-solo-120-g-hero-baby-solo/R-833209535/p
Bebe,Champú camomila dosificador Johnson's Baby 750 ml.,"6,92 €","0,51 €/100ml",https://www.carrefour.es/supermercado/champu-camomila-dosificador-johnsons-baby-750-ml-johnsons-baby/R-prod1120684/p
Bebe,Pañales Carrefour Baby Ultra Dry Talla 5 (11-25 kg) 40 ud.,"4,15 €","0,17 €/ud",https://www.carrefour.es/supermercado/panales-carrefour-baby-ultra-dry-talla-5-11-25-kg-40-ud-carrefour-baby/R-prod970071/p
Bebe,Toallitas para bebé sensitive Carrefour Baby pack de 3 paquetes de 72 ud.,"3,10 €","0,02 €/ud",https://www.carrefour.es/supermercado/toallitas-para-bebe-sensitive-carrefour-baby-pack-de-3-paquetes-de-72-ud-carrefour-baby/R-prod1170076/p
Bebe,Bastoncillos Johnson's Baby 200 uds,"2,65 €","0,02 €/ud",https://www.carrefour.es/supermercado/bastoncillos-johnsons-baby-200-uds-johnsons/R-521002548/p
Bebe,Jabón líquido suave Denenes 650 ml.,"3,15 €","0,44 €/100ml",https://www.carrefour.es/supermercado/jabon-liquido-suave-denenes-650-ml-denenes/R-521002487/p
Bebe,Champú no mas tirones Johnson's 500 ml.,"2,09 €","0,63 €/100ml",https://www.carrefour.es/supermercado/champu-no-mas-tirones-johnsons-500-ml-johnsons-baby/R-prod1120691/p
Bebe,Tarrito de ternera con verduras desde 6 meses ecológico Smileat sin gluten 230 g.,"5,95 €","9,09 €/kg",https://www.carrefour.es/supermercado/tarrito-de-ternera-con-verduras-desde-6-meses-ecologico-smileat-sin-gluten-230-g-smileat/R-846800390/p
Bebe,Pañales Dodot Sensitive recién nacido Talla 1 (2-5 kg) 28 ud.,"1,84 €","0,21 €/ud",https://www.carrefour.es/supermercado/panales-dodot-sensitive-recien-nacido-talla-1-2-5-kg-28-ud-dodot-sensitive/R-prod810124/p
Bebe,Tarrito de verduras con pescadilla a la crema desde 8 meses Hero Baby Buenas Noches pack de 2 unidades de 190 g.,"0,80 €","4,84 €/kg",https://www.carrefour.es/supermercado/tarrito-de-verduras-con-pescadilla-a-la-crema-desde-8-meses-hero-baby-buenas-noches-pack-de-2-unidades-de-190-g-hero-babynoches/R-521028763/p
Bebe,Bolsita Fruta Manzana-Platano Hero Baby 100 gr,"1,28 €","8,00 €/kg",https://www.carrefour.es/supermercado/bolsita-fruta-manzana-platano-hero-baby-100-gr-hero-baby/R-824302021/p
Bebe,Tarrito de verduras con ternera y arroz en trocitos desde 10 meses Hero Baby sin aceite de palma 235 ml.,"3,90 €","5,45 €/kg",https://www.carrefour.es/supermercado/tarrito-de-verduras-con-ternera-y-arroz-en-trocitos-desde-10-meses-hero-baby-sin-aceite-de-palma-235-ml/R-VC4AECOMM-486071/p
Bebe,Toallitas para bebé pure extra care Huggies 168 ud.,"0,58 €","0,02 €/ud",https://www.carrefour.es/supermercado/toallitas-para-bebe-pure-extra-care-huggies-168-ud/R-VC4AECOMM-438202/p
Bebe,Toallitas infantil cara y manos Baby Natura 20 ud.,"2,55 €","0,03 €/ud",https://www.carrefour.es/supermercado/toallitas-infantil-cara-y-manos-baby-natura-20-ud/R-VC4AECOMM-503725/p
Bebe,Pañales Dodot Sensitive T2 (4-8 kg) 234 ud.,"1,82 €","0,18 €/ud",https://www.carrefour.es/supermercado/panales-dodot-sensitive-t2-4-8-kg-234-ud/R-VC4AECOMM-547290/p
Bebe,Tarrito de verduras con lubina desde 8 meses ecológico Carrefour Baby Bio sin gluten pack de 2 unidades de 200 g.,"0,99 €","6,37 €/kg",https://www.carrefour.es/supermercado/tarrito-de-verduras-con-lubina-desde-8-meses-ecologico-carrefour-baby-bio-sin-gluten-pack-de-2-unidades-de-200-g/R-VC4AECOMM-432763/p
Bebe,Tarrito de manzana golden y plátano desde 4 meses Hero Baby Fruta pack de 4 unidades de 100 g.,"2,09 €","4,55 €/kg",https://www.carrefour.es/supermercado/tarrito-de-manzana-golden-y-platano-desde-4-meses-hero-baby-fruta-pack-de-4-unidades-de-100-g-hero-baby/R-521028881/p
Bebe,Preparado de manzana y plátano Gogosqueez pack de 4 bolsitas de 90 g.,"1,51 €","5,19 €/kg",https://www.carrefour.es/supermercado/preparado-de-manzana-y-platano-gogosqueez-pack-de-4-bolsitas-de-90-g-gogosqueez/R-prod65057/p
Bebe,Leche infantil de crecimiento desde 2 años con cereales Nestlé Junior sin aceite de palma brick 1 l.,"1,05 €","1,51 €/l",https://www.carrefour.es/supermercado/leche-infantil-de-crecimiento-desde-2-anos-con-cereales-nestle-junior-sin-aceite-de-palma-brick-1-l/R-VC4AECOMM-496800/p
Bebe,"Snack de maíz, guisantes y tomate desde 10 meses ecológico Hero Solo 15 g.","2,65 €","70,00 €/kg",https://www.carrefour.es/supermercado/snack-de-maiz-guisantes-y-tomate-desde-10-meses-ecologico-hero-solo-15-g/R-VC4AECOMM-509605/p
Bebe,Pants Dodot T4 (9-15 kg) 66 ud.,"1,19 €","0,30 €/ud",https://www.carrefour.es/supermercado/pants-dodot-t4-9-15-kg-66-ud/R-VC4AECOMM-494115/p
Bebe,Yogur con tres frutas sin azúcar añadido desde los 6 meses Mi primer Danone pack de 4 unidades de 100 g.,"2,15 €","6,62 €/kg",https://www.carrefour.es/supermercado/yogur-con-tres-frutas-sin-azucar-anadido-desde-los-6-meses-mi-primer-danone-pack-de-4-unidades-de-100-g-mi-primer-danone/R-prod690019/p
Bebe,Tarrito de frutas variadas desde 4 meses Hero Baby pack de 2 unidades de 120 g.,"1,68 €","4,96 €/kg",https://www.carrefour.es/supermercado/tarrito-de-frutas-variadas-desde-4-meses-hero-baby-pack-de-2-unidades-de-120-g-hero-baby/R-521028842/p
Bebe,Postre Lácteo con frutas variadas y queso fresco desde 8 meses Nestlé Yogolino sin gluten sin aceite de palma pack de 4 unidades de 100 g.,"2,09 €","5,37 €/kg",https://www.carrefour.es/supermercado/postre-lacteo-con-frutas-variadas-y-queso-fresco-desde-8-meses-nestle-yogolino-sin-gluten-sin-aceite-de-palma-pack-de-4-unidades-de-100-g-nestle-yogolino/R-583901539/p
Bebe,Bolsa para Pañal Carrefour Baby 50 ud.,"0,99 €","0,03 €/ud",https://www.carrefour.es/supermercado/bolsa-para-panal-carrefour-baby-50-ud-carrefour-baby/R-521010845/p
Bebe,Algodón bebé sensitive Carrefour Baby 100 ud.,"3,90 €","0,02 €/ud",https://www.carrefour.es/supermercado/algodon-bebe-sensitive-carrefour-baby-100-ud-carrefour-baby/R-825812754/p
Bebe,Tarrito de frutas variadas desde 4 meses Hero Baby 235 g.,"3,30 €","4,21 €/kg",https://www.carrefour.es/supermercado/tarrito-de-frutas-variadas-desde-4-meses-hero-baby-235-g-hero-babyfruta/R-521033536/p
Bebe,"Preparado de naranja, plátano y galleta sin azúcar añadido Hero Mi fruta sin aceite de palma pack de 4 bolsitas de 100 g.","45,99 €","9,75 €/kg",https://www.carrefour.es/supermercado/preparado-de-naranja-platano-y-galleta-sin-azucar-anadido-hero-mi-fruta-sin-aceite-de-palma-pack-de-4-bolsitas-de-100-g-hero/R-prod1022842/p
Bebe,Galletas infantiles desde 8 meses de espelta y fruta ecológicas Smileat 220 g.,"1,99 €","15,00 €/kg",https://www.carrefour.es/supermercado/galletas-infantiles-desde-8-meses-de-espelta-y-fruta-ecologicas-smileat-220-g-smileat/R-prod780112/p
Bebe,Pañales Dodot Activity XXL Talla 4 (9-14 kg) 144 ud.,"1,41 €","0,32 €/ud",https://www.carrefour.es/supermercado/panales-dodot-activity-xxl-talla-4-9-14-kg-144-ud-dodot-activity/R-prod1130536/p
Bebe,Preparado de fresa sin azúcar añadido desde 6 meses ecológico My Carrefour Baby Bio sin gluten pack de 4 bolsitas de 100 g.,"1,40 €","4,97 €/kg",https://www.carrefour.es/supermercado/preparado-de-fresa-sin-azucar-anadido-desde-6-meses-ecologico-my-carrefour-baby-bio-sin-gluten-pack-de-4-bolsitas-de-100-g/R-VC4AECOMM-550273/p
Bebe,Leche de Continuación Puleva Peques 3 con Cereales y Cacao 600ml,"2,09 €","2,35 €/l",https://www.carrefour.es/supermercado/leche-de-continuacion-puleva-peques-3-con-cereales-y-cacao-600ml-puleva/R-521028718/p
Bebe,Toallitas para bebé con tapa sensitive Carrefour Baby 72 ud.,"5,52 €","0,02 €/ud",https://www.carrefour.es/supermercado/toallitas-para-bebe-con-tapa-sensitive-carrefour-baby-72-ud-carrefour-baby/R-prod395287/p
Bebe,Pants Dodot T7 (17+ kg) 46 ud.,"22,45 €","0,43 €/ud",https://www.carrefour.es/supermercado/pants-dodot-t7-17-kg-46-ud/R-VC4AECOMM-497350/p
Bebe,Galletas infantiles desde 12 meses Nestlé 180 g.,"13,84 €","11,61 €/kg",https://www.carrefour.es/supermercado/galletas-infantiles-desde-12-meses-nestle-180-g-nestle-junior/R-655201713/p
Bebe,Tarrito de guisantes con jamón cocido desde 6 meses sin sal añadida Hero Baby Buenas noches sin aceite de palma pack de 6 unidades de 190 g.,"0,80 €","4,60 €/kg",https://www.carrefour.es/supermercado/tarrito-de-guisantes-con-jamon-cocido-desde-6-meses-sin-sal-anadida-hero-baby-buenas-noches-sin-aceite-de-palma-pack-de-6-unidades-de-190-g-hero-babynoches/R-614101839/p
Bebe,Pañales Dodot Sensitive Extra Talla 3 (7-11 kg) 60 ud.,"1,99 €","0,37 €/ud",https://www.carrefour.es/supermercado/panales-dodot-sensitive-extra-talla-3-7-11-kg-60-ud-dodot-sensitive/R-prod1000510/p
Bebe,Bastoncillos Johnson's Baby 100 Uds,"2,00 €","0,02 €/ud",https://www.carrefour.es/supermercado/bastoncillos-johnsons-baby-100-uds-johnsons/R-521002554/p
Bebe,Tarrito de verduras con pavo desde 6 meses ecológico Smileat sin gluten 230 g.,"2,09 €","9,09 €/kg",https://www.carrefour.es/supermercado/tarrito-de-verduras-con-pavo-desde-6-meses-ecologico-smileat-sin-gluten-230-g-smileat/R-846800388/p
Bebe,Pañales Dodot Activity XXL Talla 5 (11-16 kg) 126 ud.,"45,99 €","0,36 €/ud",https://www.carrefour.es/supermercado/panales-dodot-activity-xxl-talla-5-11-16-kg-126-ud-dodot-activity/R-prod1130580/p
Bebe,Colonia Muy Suave Denenes 600 ml,"2,70 €","0,45 €/100ml",https://www.carrefour.es/supermercado/colonia-muy-suave-denenes-600-ml-denenes/R-521036842/p
Bebe,Acondicionador Gotas de brillo Johnson's 500 ml.,"3,15 €","0,63 €/100ml",https://www.carrefour.es/supermercado/acondicionador-gotas-de-brillo-johnsons-500-ml-johnsons-baby/R-prod1120678/p
Bebe,Pants optima adsorption My Carrefour Baby T6 (+16 kg) 36 ud.,"11,70 €","0,32 €/ud",https://www.carrefour.es/supermercado/pants-optima-adsorption-my-carrefour-baby-t6-16-kg-36-ud/R-VC4AECOMM-523681/p
Bebe,Postre lácteo de fresa y plátano desde 6 meses sin azúcares añadidos Nestlé Yogolino sin gluten sin aceite de palma pack de 4 unidades de 100 g.,"2,15 €","5,37 €/kg",https://www.carrefour.es/supermercado/postre-lacteo-de-fresa-y-platano-desde-6-meses-sin-azucares-anadidos-nestle-yogolino-sin-gluten-sin-aceite-de-palma-pack-de-4-unidades-de-100-g-nestle-yogolino/R-fprod1180160/p
Bebe,Tarrito de lentejas con verduras y jamón en trocitos desde 10 meses Hero Baby sin aceite de palma 235 ml.,"1,27 €","5,40 €/kg",https://www.carrefour.es/supermercado/tarrito-de-lentejas-con-verduras-y-jamon-en-trocitos-desde-10-meses-hero-baby-sin-aceite-de-palma-235-ml/R-VC4AECOMM-486075/p
Bebe,Pañales ultra dry Carrefour Baby T6 (+16 kg.) 27 ud.,"6,92 €","0,26 €/ud",https://www.carrefour.es/supermercado/panales-ultra-dry-carrefour-baby-t6-16-kg-27-ud-carrefour-baby/R-prod970070/p
Bebe,Tarrito de queso fresco con frutas variadas desde 6 meses Hero Baby Petit pack de 2 unidades de 80 g.,"1,73 €","10,81 €/kg",https://www.carrefour.es/supermercado/tarrito-de-queso-fresco-con-frutas-variadas-desde-6-meses-hero-baby-petit-pack-de-2-unidades-de-80-g-hero-babypostres/R-521028876/p
Bebe,Pañales Carrefour Baby Ultra Dry Talla 3 (4-9 kg) 184 ud.,"13,00 €","0,11 €/ud",https://www.carrefour.es/supermercado/panales-carrefour-baby-ultra-dry-talla-3-4-9-kg-184-ud-carrefour-baby/R-prod970330/p
Bebe,Leche infantil de continuación desde los 6 meses Nidina 2 Premium sin aceite de palma 800 g.,"2,99 €","16,25 €/kg",https://www.carrefour.es/supermercado/leche-infantil-de-continuacion-desde-los-6-meses-nidina-2-premium-sin-aceite-de-palma-800-g-nestle-nidina/R-521002286/p
Bebe,Discos de lactancia ultra-absorbente Carrefour Baby 30 ud.,"2,09 €","2,99 €/ud",https://www.carrefour.es/supermercado/discos-de-lactancia-ultra-absorbente-carrefour-baby-30-ud-carrefour-baby/R-819114704/p
Bebe,Galletitas Almirón Advance 180 g,"2,25 €","11,61 €/kg",https://www.carrefour.es/supermercado/galletitas-almiron-advance-180-g-almiron/R-713315964/p
Bebe,Postre lácteo suave y cremoso de plátano y melocotón desde 6 meses Nestlé Yogolino pack de 6 unidades 60 g.,"22,45 €","6,25 €/kg",https://www.carrefour.es/supermercado/postre-lacteo-suave-y-cremoso-de-platano-y-melocoton-desde-6-meses-nestle-yogolino-pack-de-6-unidades-60-g-nestle-yogolino/R-844913260/p
Bebe,Pañales Dodot Sensitive Extra Talla 4 (10-15 kg) 52 ud.,"2,65 €","0,43 €/ud",https://www.carrefour.es/supermercado/panales-dodot-sensitive-extra-talla-4-10-15-kg-52-ud-dodot-sensitive/R-prod1000421/p
Bebe,Papilla infantil desde 6 meses multicereal ecológica Hero Baby Solo 300 g.,"2,30 €","8,83 €/kg",https://www.carrefour.es/supermercado/papilla-infantil-desde-6-meses-multicereal-ecologica-hero-baby-solo-300-g-hero-baby-solo/R-870200666/p
Bebe,Tarrito de verduritas con ternera desde 6 meses ecológico Carrefour Baby Bio pack de 2 unidades de 200 g,"13,85 €","5,75 €/kg",https://www.carrefour.es/supermercado/tarrito-de-verduritas-con-ternera-desde-6-meses-ecologico-carrefour-baby-bio-pack-de-2-unidades-de-200-g/R-VC4AECOMM-433079/p
Bebe,Pañales Carrefour Baby Ultra Dry Talla 4 (7-18 kg) 92 ud.,"0,99 €","0,15 €/ud",https://www.carrefour.es/supermercado/panales-carrefour-baby-ultra-dry-talla-4-7-18-kg-92-ud-carrefour-baby/R-prod970332/p
Bebe,"Tarrito de plátano, mandarina y pera desde 4 meses Hero Baby 235 g.","1,84 €","4,21 €/kg",https://www.carrefour.es/supermercado/tarrito-de-platano-mandarina-y-pera-desde-4-meses-hero-baby-235-g-hero-babyfruta/R-521034231/p
Bebe,Tarrito de verduras a la crema desde 6 meses Hero Baby Buenas Noches pack de 2 unidades de 200 g.,"0,80 €","4,60 €/kg",https://www.carrefour.es/supermercado/tarrito-de-verduras-a-la-crema-desde-6-meses-hero-baby-buenas-noches-pack-de-2-unidades-de-200-g-hero-babynoches/R-521028810/p
Bebe,Preparado de plátano y fresa Hero bolsita de 100 g.,"8,10 €","8,00 €/kg",https://www.carrefour.es/supermercado/preparado-de-platano-y-fresa-hero-bolsita-de-100-g-hero-nanos/R-674601651/p
Bebe,Toallitas Dodot Activity pack de 4 paquetes de 52 ud.,"2,09 €","0,04 €/ud",https://www.carrefour.es/supermercado/toallitas-dodot-activity-pack-de-4-paquetes-de-52-ud-dodot-activity/R-682909208/p
Bebe,Champú camomila Johnson's Baby 500 ml.,"3,29 €","0,66 €/100ml",https://www.carrefour.es/supermercado/champu-camomila-johnsons-baby-500-ml-johnsons-baby/R-prod1120682/p
Bebe,Tarrito de garbanzos con verduritas desde 8 meses ecológico Carrefour Baby Bio pack de 2 unidades de 200 g,"2,30 €","5,75 €/kg",https://www.carrefour.es/supermercado/tarrito-de-garbanzos-con-verduritas-desde-8-meses-ecologico-carrefour-baby-bio-pack-de-2-unidades-de-200-g/R-VC4AECOMM-433076/p
Bebe,Ropa interior absorbente niña noche DryNites 4-7 años (17kg-30 kg.) 16 ud.,"9,90 €","0,77 €/ud",https://www.carrefour.es/supermercado/ropa-interior-absorbente-nina-noche-drynites-4-7-anos-17kg-30-kg-16-ud-drynites/R-521036777/p
Bebe,Bragapañal noche Carrefour Kids Talla 4-7 años (17-30 Kg) 15 uds,"3,20 €","0,66 €/ud",https://www.carrefour.es/supermercado/bragapanal-noche-carrefour-kids-talla-4-7-anos-17-30-kg-15-uds-carrefour/R-551303185/p
Bebe,Jabón Baño de Burbujas Johnson's 750 ml,"1,21 €","0,43 €/100ml",https://www.carrefour.es/supermercado/jabon-bano-de-burbujas-johnsons-750-ml-johnsons/R-prod1070221/p
Bebe,"Bosita de plátano, fresa y arándanos con quinoa ecológica Organix 100 g.","1,00 €","12,10 €/kg",https://www.carrefour.es/supermercado/bosita-de-platano-fresa-y-arandanos-con-quinoa-ecologica-organix-100-g/R-VC4AECOMM-477597/p
Bebe,"Tarrito de manzana, plátano y yogur desde 6 meses ecológico Hero Baby Solo 120 g.","2,30 €","8,33 €/kg",https://www.carrefour.es/supermercado/tarrito-de-manzana-platano-y-yogur-desde-6-meses-ecologico-hero-baby-solo-120-g-hero-baby-solo/R-prod820290/p
Bebe,Tarrito de frutas con copos de avena Ecologico Carrefour Baby Bio desde 6 meses pack de 2 unidades de 200 g.,"1,20 €","5,75 €/kg",https://www.carrefour.es/supermercado/tarrito-de-frutas-con-copos-de-avena-ecologico-carrefour-baby-bio-desde-6-meses-pack-de-2-unidades-de-200-g/R-VC4AECOMM-432631/p
Bebe,Leche infantil de crecimiento desde 1 año con cereales Nestlé Junior sin aceite de palma brick 1 l.,"1,63 €","1,20 €/l",https://www.carrefour.es/supermercado/leche-infantil-de-crecimiento-desde-1-ano-con-cereales-nestle-junior-sin-aceite-de-palma-brick-1-l-nestle-junior/R-521028712/p
Bebe,Tarrito de menestra de verdura con dorada desde 8 meses ecológico Hero Baby Solo 190 g.,"1,14 €","8,58 €/kg",https://www.carrefour.es/supermercado/tarrito-de-menestra-de-verdura-con-dorada-desde-8-meses-ecologico-hero-baby-solo-190-g-hero-baby-solo/R-870200664/p
Bebe,Pouch de Frutas Variadas Ecológico Smileat 100 g,"22,45 €","11,40 €/kg",https://www.carrefour.es/supermercado/pouch-de-frutas-variadas-ecologico-smileat-100-g-smileat/R-prod395442/p
Bebe,Pant Dodot Activity Extra Talla 5 (12-17 kg) 40 ud.,"2,25 €","0,56 €/ud",https://www.carrefour.es/supermercado/pant-dodot-activity-extra-talla-5-12-17-kg-40-ud-dodot-activity/R-prod960109/p
Bebe,Postre lácteo suave y cremoso de fresa y frambruesa desde 8 meses Nestlé Yogolino sin gluten sin aceite de palma pack de 6 unidades de 60 g.,"2,09 €","6,25 €/kg",https://www.carrefour.es/supermercado/postre-lacteo-suave-y-cremoso-de-fresa-y-frambruesa-desde-8-meses-nestle-yogolino-sin-gluten-sin-aceite-de-palma-pack-de-6-unidades-de-60-g-nestle-yogolino/R-844913256/p
Bebe,Tarrito de paella con verduritas tiernas y pollo desde 6 meses Hero Baby Cocina Mediterránea pack de 2 unidades de 200 g.,"3,05 €","5,22 €/kg",https://www.carrefour.es/supermercado/tarrito-de-paella-con-verduritas-tiernas-y-pollo-desde-6-meses-hero-baby-cocina-mediterranea-pack-de-2-unidades-de-200-g-hero-baby-cocina-mediterranea/R-607402185/p
Bebe,Preparado de 4 frutas Nestlé sin gluten pack de 4 unidades de 90 g.,"1,00 €","8,47 €/kg",https://www.carrefour.es/supermercado/preparado-de-4-frutas-nestle-sin-gluten-pack-de-4-unidades-de-90-g-nestle/R-fprod1280129/p
Bebe,Preparado de manzana y fresa Gogosqueez pack de 4 bolsitas de 90 g.,"2,30 €","5,19 €/kg",https://www.carrefour.es/supermercado/preparado-de-manzana-y-fresa-gogosqueez-pack-de-4-bolsitas-de-90-g-gogosqueez/R-844913252/p
Bebe,"Tarrito de pera, plátano y avena desde 6 meses ecológico Hero Baby Solo 120 g.","1,99 €","8,33 €/kg",https://www.carrefour.es/supermercado/tarrito-de-pera-platano-y-avena-desde-6-meses-ecologico-hero-baby-solo-120-g-hero-baby/R-fprod1220184/p
Bebe,Leche infantil de continuación en polvo Nativa 2 lata sin aceite de palma 800 g.,"2,29 €","9,31 €/kg",https://www.carrefour.es/supermercado/leche-infantil-de-continuacion-en-polvo-nativa-2-lata-sin-aceite-de-palma-800-g-nestle-nativa/R-521002279/p
Bebe,Tarrito de verduritas con pavo desde 6 meses ecológico Carrefour Baby Bio pack de 2 unidades de 200 g,"3,59 €","5,75 €/kg",https://www.carrefour.es/supermercado/tarrito-de-verduritas-con-pavo-desde-6-meses-ecologico-carrefour-baby-bio-pack-de-2-unidades-de-200-g/R-VC4AECOMM-432838/p
Bebe,Preparado de manzana y plátano sin azúcar añadido desde 6 meses ecológico My Carrefour Baby Bio sin gluten pack de 4 de bolsitas de 100 g.,"2,09 €","4,97 €/kg",https://www.carrefour.es/supermercado/preparado-de-manzana-y-platano-sin-azucar-anadido-desde-6-meses-ecologico-my-carrefour-baby-bio-sin-gluten-pack-de-4-de-bolsitas-de-100-g/R-VC4AECOMM-550142/p
Bebe,Leche infantil de continuación desde los 6 meses en polvo Nan Optipro 2 lata 800 g.,"13,60 €","17,00 €/kg",https://www.carrefour.es/supermercado/leche-infantil-de-continuacion-desde-los-6-meses-en-polvo-nan-optipro-2-lata-800-g-nestle-nan/R-590504444/p
Bebe,Toallitas Húmedas Dove Baby Hidratación Profunda,"2,09 €","0,04 €/ud",https://www.carrefour.es/supermercado/toallitas-humedas-dove-baby-hidratacion-profunda-dove/R-prod870709/p
Bebe,Colonia para bebe fragancia original Nenuco 200 ml.,"2,65 €","1,32 €/100ml",https://www.carrefour.es/supermercado/colonia-para-bebe-fragancia-original-nenuco-200-ml-nenuco/R-520664711/p
Bebe,Panecillos de cereales con plátano y calabaza ecológicos Smileat sin gluten 60 g.,"2,80 €","46,67 €/kg",https://www.carrefour.es/supermercado/panecillos-de-cereales-con-platano-y-calabaza-ecologicos-smileat-sin-gluten-60-g-smileat/R-fprod1220100/p
Bebe,"Yogur de manzana y fresa ecológica Hero Solo bolsita 100 g,","1,07 €","10,70 €/kg",https://www.carrefour.es/supermercado/yogur-de-manzana-y-fresa-ecologica-hero-solo-bolsita-100-g-/R-VC4AECOMM-486068/p
Bebe,Tarrito de pasta con bacalao y verduras en trocitos desde 10 meses Hero Baby sin aceite de palma 235 ml.,"1,38 €","5,87 €/kg",https://www.carrefour.es/supermercado/tarrito-de-pasta-con-bacalao-y-verduras-en-trocitos-desde-10-meses-hero-baby-sin-aceite-de-palma-235-ml/R-VC4AECOMM-486074/p
Bebe,Crema corporal Dulces Sueños Johnson's 500 ml.,"3,50 €","0,70 €/100ml",https://www.carrefour.es/supermercado/crema-corporal-dulces-suenos-johnsons-500-ml-johnsons/R-prod1070217/p
Bebe,"Tarrito de brócoli, cordero y chirivía ecológico Smileat sin gluten 230 g.","2,10 €","9,13 €/kg",https://www.carrefour.es/supermercado/tarrito-de-brocoli-cordero-y-chirivia-ecologico-smileat-sin-gluten-230-g-smileat/R-fprod1220120/p
Bebe,Suero fisiológico bebé Carrefour Baby 40 ud.,"5,00 €","0,12 €/ud",https://www.carrefour.es/supermercado/suero-fisiologico-bebe-carrefour-baby-40-ud-carrefour-baby/R-618405044/p
Bebe,Gel de ducha con aloe vera Carrefour Baby 750 ml,"2,50 €","0,33 €/100ml",https://www.carrefour.es/supermercado/gel-de-ducha-con-aloe-vera-carrefour-baby-750-ml/R-VC4AECOMM-448795/p
Bebe,Toallitas Carrefour Baby Milky x72,"1,22 €","0,02 €/ud",https://www.carrefour.es/supermercado/toallitas-carrefour-baby-milky-x72-carrefour-baby/R-728807149/p
Bebe,Preparado de manzana y melocotón Gogosqueez pack de 4 bolsitas de 90 g.,"3,59 €","5,19 €/kg",https://www.carrefour.es/supermercado/preparado-de-manzana-y-melocoton-gogosqueez-pack-de-4-bolsitas-de-90-g-gogosqueez/R-844913248/p
Bebe,Champú extra Suave Nenuco 500 ml,"0,99 €","0,72 €/100ml",https://www.carrefour.es/supermercado/champu-extra-suave-nenuco-500-ml-nenuco/R-521002497/p
Bebe,Tarrito de selección de tres frutas desde 4 meses Hero Baby 235 g.,"2,95 €","4,21 €/kg",https://www.carrefour.es/supermercado/tarrito-de-seleccion-de-tres-frutas-desde-4-meses-hero-baby-235-g-hero-babyfruta/R-521033540/p
Bebe,Champú suave para piel sensible con caléndula Baby Corine de Farme 750 ml.,"2,39 €","0,39 €/100ml",https://www.carrefour.es/supermercado/champu-suave-para-piel-sensible-con-calendula-baby-corine-de-farme-750-ml-corine-de-farme/R-698405557/p
Bebe,Postre lácteos con cereales desde 6 meses Nestlé Yogolino sin aceite de palma pack de 4 unidades de 100 g.,"2,39 €","23,90 €/kg",https://www.carrefour.es/supermercado/postre-lacteos-con-cereales-desde-6-meses-nestle-yogolino-sin-aceite-de-palma-pack-de-4-unidades-de-100-g-nestle-yogolino/R-fprod1220105/p
Bebe,Postre lácteo mini natural desde 6 meses sin azúcares añadidos Nestlé Yogolino sin gluten sin aceite de palma pack de 6 unidades de 60 g.,"2,15 €","6,64 €/kg",https://www.carrefour.es/supermercado/postre-lacteo-mini-natural-desde-6-meses-sin-azucares-anadidos-nestle-yogolino-sin-gluten-sin-aceite-de-palma-pack-de-6-unidades-de-60-g-nestle-yogolino/R-fprod1470314/p
Bebe,Postre lácteo natural desde 6 meses Nestlé Yogolino sin gluten sin aceite de palma pack de 4 unidades de 100 g.,"3,80 €","5,37 €/kg",https://www.carrefour.es/supermercado/postre-lacteo-natural-desde-6-meses-nestle-yogolino-sin-gluten-sin-aceite-de-palma-pack-de-4-unidades-de-100-g-nestle-yogolino/R-696105234/p
Bebe,Champú dulces sueños Johnson's Baby 500 ml.,"8,34 €","0,76 €/100ml",https://www.carrefour.es/supermercado/champu-dulces-suenos-johnsons-baby-500-ml-johnsons/R-prod1120457/p
Bebe,Pañales Carrefour Baby soft&protect Talla 2 (3-6 kg) 60 ud.,"12,50 €","0,14 €/ud",https://www.carrefour.es/supermercado/panales-carrefour-baby-softprotect-talla-2-3-6-kg-60-ud-carrefour-baby/R-prod970336/p
Bebe,Pomada para proteger la zona del pañal Mitosyl 145 g.,"10,95 €","8,62 €/100g",https://www.carrefour.es/supermercado/pomada-para-proteger-la-zona-del-panal-mitosyl-145-g-mitosyl/R-651602061/p
Bebe,Gel de baño espumoso Mustela 750 ml.,"1,00 €","1,46 €/100ml",https://www.carrefour.es/supermercado/gel-de-bano-espumoso-mustela-750-ml-mustela/R-590507874/p
Bebe,Tarrito de plátano desde 4 meses ecológico Hero Baby Solo 120 g.,"0,80 €","8,33 €/kg",https://www.carrefour.es/supermercado/tarrito-de-platano-desde-4-meses-ecologico-hero-baby-solo-120-g-hero-baby-solo/R-833209549/p
Bebe,Tarrito de cazuela de merluza marinera desde 8 meses Cocina Mediterránea Hero Baby pack de 2 unidades de 200 g.,"2,09 €","5,22 €/kg",https://www.carrefour.es/supermercado/tarrito-de-cazuela-de-merluza-marinera-desde-8-meses-cocina-mediterranea-hero-baby-pack-de-2-unidades-de-200-g-hero-baby-cocina-mediterranea/R-601400910/p
Bebe,Acondicionador spray no mas tirones Johnson's 200 ml.,"3,15 €","1,57 €/100ml",https://www.carrefour.es/supermercado/acondicionador-spray-no-mas-tirones-johnsons-200-ml-johnsons/R-prod1120714/p
Bebe,Aceite aloe vera Johnson's 500 ml.,"3,45 €","0,69 €/100ml",https://www.carrefour.es/supermercado/aceite-aloe-vera-johnsons-500-ml-johnsons/R-prod1140175/p
Bebe,Toallitas para bebé con tapa aqua pure Dodot 48 ud.,"3,05 €","0,06 €/ud",https://www.carrefour.es/supermercado/toallitas-para-bebe-con-tapa-aqua-pure-dodot-48-ud-dodot/R-prod1120152/p
Bebe,Pañales ecológicos Carrefour Baby Talla 4 maxi (7-18 Kg) 28 ud.,"7,10 €","0,25 €/ud",https://www.carrefour.es/supermercado/panales-ecologicos-carrefour-baby-talla-4-maxi-7-18-kg-28-ud-carrefour-baby/R-prod1040220/p
Bebe,Pouch de Fresa y Platano Ecológico Smileat 100 g,"1,14 €","11,40 €/kg",https://www.carrefour.es/supermercado/pouch-de-fresa-y-platano-ecologico-smileat-100-g-smileat/R-prod395444/p
Bebe,Compresa tocológica de celulosa grande Maternity 25 ud.,"2,60 €","0,10 €/ud",https://www.carrefour.es/supermercado/compresa-tocologica-de-celulosa-grande-maternity-25-ud-maternity/R-590507738/p
Bebe,Protector Absorbente Sabanindas Extra 60x60cm 20 ud.,"8,65 €","0,43 €/ud",https://www.carrefour.es/supermercado/protector-absorbente-sabanindas-extra-60x60cm-20-ud-sabanindas/R-590507742/p
Bebe,Pañales Carrefour Baby Ultra Dry Talla 4 (8-16 kg) 45 ud.,"6,86 €","0,15 €/ud",https://www.carrefour.es/supermercado/panales-carrefour-baby-ultra-dry-talla-4-8-16-kg-45-ud-carrefour-baby/R-prod970334/p
Bebe,Tarrito de espagueti boloñesa desde 8 meses ecológico Carrefour Baby Bio pack de 2 unidades de 200 g,"2,30 €","5,75 €/kg",https://www.carrefour.es/supermercado/tarrito-de-espagueti-bolonesa-desde-8-meses-ecologico-carrefour-baby-bio-pack-de-2-unidades-de-200-g/R-VC4AECOMM-432840/p
Bebe,Gel de ducha leche de almendras Nenuco 750 ml,"3,70 €","0,49 €/100ml",https://www.carrefour.es/supermercado/gel-de-ducha-leche-de-almendras-nenuco-750-ml-nenuco/R-594401783/p
Bebe,Postre lácteo de melocotón y plátano desde 6 meses sin azúcares añadidos Nestlé Yogolino sin gluten sin aceite de palma pack de 4 unidades de 100 g.,"2,15 €","5,37 €/kg",https://www.carrefour.es/supermercado/postre-lacteo-de-melocoton-y-platano-desde-6-meses-sin-azucares-anadidos-nestle-yogolino-sin-gluten-sin-aceite-de-palma-pack-de-4-unidades-de-100-g-nestle/R-fprod1180164/p
Bebe,Tarrito de arroz con pollo y verduritas desde 6 meses ecológico Carrefour Baby Bio pack de 2 unidades de 200 g,"2,30 €","5,75 €/kg",https://www.carrefour.es/supermercado/tarrito-de-arroz-con-pollo-y-verduritas-desde-6-meses-ecologico-carrefour-baby-bio-pack-de-2-unidades-de-200-g/R-VC4AECOMM-432819/p
Bebe,Galletas infantiles desde 6-10 meses Nestlé 180 g.,"2,50 €","13,89 €/kg",https://www.carrefour.es/supermercado/galletas-infantiles-desde-6-10-meses-nestle-180-g-nestle/R-844913258/p
Bebe,Pañales Carrefour Baby Soft&Protect Talla 1 (2-5 kg) 26 ud.,"4,15 €","0,16 €/ud",https://www.carrefour.es/supermercado/panales-carrefour-baby-softprotect-talla-1-2-5-kg-26-ud-carrefour-baby/R-prod970317/p
Bebe,Tarrito de frutas variadas desde 4 meses sin azúcar añadido Hero Baby pack de 2 unidades de 130 g.,"0,95 €","3,65 €/kg",https://www.carrefour.es/supermercado/tarrito-de-frutas-variadas-desde-4-meses-sin-azucar-anadido-hero-baby-pack-de-2-unidades-de-130-g-hero-babyzumitos/R-521028870/p
Bebe,Tarrito de espaguetis con carne y verduras desde 12 meses Hero Nanos pack de 2 unidades de 250 g.,"2,30 €","4,60 €/kg",https://www.carrefour.es/supermercado/tarrito-de-espaguetis-con-carne-y-verduras-desde-12-meses-hero-nanos-pack-de-2-unidades-de-250-g-hero-nanos/R-712515547/p
Bebe,Colonia para bebé siempre fresca fragancia citrica y floral Nenuco 600 ml.,"3,30 €","0,55 €/100ml",https://www.carrefour.es/supermercado/colonia-para-bebe-siempre-fresca-fragancia-citrica-y-floral-nenuco-600-ml-nenuco/R-520663733/p
Bebe,Papilla infantil desde 6 meses de 8 cereales integrales sin azúcar añadido Blevit plus Superfibra 600 g.,"7,70 €","12,83 €/kg",https://www.carrefour.es/supermercado/papilla-infantil-desde-6-meses-de-8-cereales-integrales-sin-azucar-anadido-blevit-plus-superfibra-600-g-blevit-plus-superfibra/R-617101707/p
Bebe,Tarrito de lentejas con verduritas desde 8 meses ecológico Carrefour Baby Bio pack de 2 unidades de 200 g,"2,30 €","5,75 €/kg",https://www.carrefour.es/supermercado/tarrito-de-lentejas-con-verduritas-desde-8-meses-ecologico-carrefour-baby-bio-pack-de-2-unidades-de-200-g/R-VC4AECOMM-432836/p
Bebe,Champú limpia y protege el cuero cabelludo con extracto natural de camomila y aloe vera Baby Natura 600 ml.,"2,39 €","0,40 €/100ml",https://www.carrefour.es/supermercado/champu-limpia-y-protege-el-cuero-cabelludo-con-extracto-natural-de-camomila-y-aloe-vera-baby-natura-600-ml/R-fprod1330023/p
Bebe,Pañales Dodot Sensitive Extra Talla 5 (12-17 kg) 48 ud.,"22,45 €","0,47 €/ud",https://www.carrefour.es/supermercado/panales-dodot-sensitive-extra-talla-5-12-17-kg-48-ud-dodot-sensitive/R-prod1000505/p
Bebe,"Preparado de manzana, mango y kiwi desde 6 meses ecológico Naturnes Bio sin gluten pack de 4 unidades de 90 g.","2,29 €","6,36 €/kg",https://www.carrefour.es/supermercado/preparado-de-manzana-mango-y-kiwi-desde-6-meses-ecologico-naturnes-bio-sin-gluten-pack-de-4-unidades-de-90-g-nestle-naturnes/R-fprod1480112/p
Bebe,Leche infantil de crecimiento desde 1 año sabor galleta maría Nestlé Junior sin aceite de palma brick 1 l.,"1,20 €","1,20 €/l",https://www.carrefour.es/supermercado/leche-infantil-de-crecimiento-desde-1-ano-sabor-galleta-maria-nestle-junior-sin-aceite-de-palma-brick-1-l-nestle-junior/R-773503947/p
Bebe,Acondicionador no mas tirones Johnson's 500 ml.,"3,15 €","0,63 €/100ml",https://www.carrefour.es/supermercado/acondicionador-no-mas-tirones-johnsons-500-ml-johnsons-baby/R-prod1120689/p
Bebe,Papilla infantil desde 6 meses 8 cereales sin azúcar añadido Nestlé sin aceite de palma 2400 g.,"11,45 €","4,77 €/kg",https://www.carrefour.es/supermercado/papilla-infantil-desde-6-meses-8-cereales-sin-azucar-anadido-nestle-sin-aceite-de-palma-2400-g-nestle/R-prod590553/p
Bebe,"Preparado de naranja, plátano y galleta Hero bolsita de 100 g.","0,80 €","8,00 €/kg",https://www.carrefour.es/supermercado/preparado-de-naranja-platano-y-galleta-hero-bolsita-de-100-g-hero-nanos/R-677701657/p
Bebe,Snack de cereales con frambuesa ecológico Nutripuffs Naturnes Bio Nestlé 35 g.,"1,76 €","50,29 €/kg",https://www.carrefour.es/supermercado/snack-de-cereales-con-frambuesa-ecologico-nutripuffs-naturnes-bio-nestle-35-g-nestle-naturnes/R-fprod1480103/p
Bebe,Ropa interior absorbente niño noche DryNites 3-5 años (16kg-23 kg.) 16 ud.,"1,00 €","0,77 €/ud",https://www.carrefour.es/supermercado/ropa-interior-absorbente-nino-noche-drynites-3-5-anos-16kg-23-kg-16-ud-drynites/R-641402056/p
Bebe,Bolsitas Yogolino Plátano y Fresa 90 gr,"3,00 €","11,11 €/kg",https://www.carrefour.es/supermercado/bolsitas-yogolino-platano-y-fresa-90-gr-nestle-yogolino/R-805726763/p
Bebe,Papilla infantil desde 4 meses de cereales Nestlé sin gluten y sin aceite de palma 500 g.,"1,73 €","6,00 €/kg",https://www.carrefour.es/supermercado/papilla-infantil-desde-4-meses-de-cereales-nestle-sin-gluten-y-sin-aceite-de-palma-500-g-nestle/R-fprod1330030/p
Bebe,Tarrito de queso fresco con plátano y manzana desde 6 meses Hero Baby Petit pack de 2 unidades de 80 g.,"0,87 €","10,81 €/kg",https://www.carrefour.es/supermercado/tarrito-de-queso-fresco-con-platano-y-manzana-desde-6-meses-hero-baby-petit-pack-de-2-unidades-de-80-g-hero-babypostres/R-521028874/p
Bebe,Bolsitas Nestlé 4 Frutas 90 grs,"11,15 €","9,67 €/kg",https://www.carrefour.es/supermercado/bolsitas-nestle-4-frutas-90-grs-nestle/R-776104275/p
Bebe,Toallitas para bebé Dodot Sensitive pack de 6 paquetes de 54 ud.,"2,60 €","0,03 €/ud",https://www.carrefour.es/supermercado/toallitas-para-bebe-dodot-sensitive-pack-de-6-paquetes-de-54-ud-dodot-sensitive/R-631702376/p
Bebe,Compresa tocológica de algodón Maternity 20 ud.,"2,80 €","0,13 €/ud",https://www.carrefour.es/supermercado/compresa-tocologica-de-algodon-maternity-20-ud-maternity/R-590507736/p
Bebe,Papilla infantil desde 6 meses 8 Cereales con Fruta sin azúcares añadidos Hero Baby sin lactosa sin aceite de palma 340 gr,"13,60 €","8,24 €/kg",https://www.carrefour.es/supermercado/papilla-infantil-desde-6-meses-8-cereales-con-fruta-sin-azucares-anadidos-hero-baby-sin-lactosa-sin-aceite-de-palma-340-gr-hero-baby/R-prod1161152/p
Bebe,Leche infantil de crecimiento desde los 12 meses en polvo Nan Optipro 3 lata 800 g.,"22,60 €","17,00 €/kg",https://www.carrefour.es/supermercado/leche-infantil-de-crecimiento-desde-los-12-meses-en-polvo-nan-optipro-3-lata-800-g-nestle-nan/R-590504446/p
Bebe,Leche infantil de continuación desde 6 meses en polvo Almirón Advance 2 1200 g.,"4,95 €","18,83 €/kg",https://www.carrefour.es/supermercado/leche-infantil-de-continuacion-desde-6-meses-en-polvo-almiron-advance-2-1200-g-almiron/R-712703613/p
Bebe,Ropa interior absorbente niña noche DryNites 8-15 años (27kg-57 kg.) 13 ud.,"1,45 €","0,95 €/ud",https://www.carrefour.es/supermercado/ropa-interior-absorbente-nina-noche-drynites-8-15-anos-27kg-57-kg-13-ud-drynites/R-521036781/p
Bebe,Protegecamas Infantil Carrefour Baby 10 ud.,"2,25 €","0,49 €/ud",https://www.carrefour.es/supermercado/protegecamas-infantil-carrefour-baby-10-ud-carrefour-baby/R-576901520/p
Bebe,Leche de Continuación Puleva Peques 2 Líquida Slim 1l,"1,19 €","1,45 €/l",https://www.carrefour.es/supermercado/leche-de-continuacion-puleva-peques-2-liquida-slim-1l-puleva/R-521028674/p
Bebe,Postre lácteo mini de pera desde 6 meses Nestlé Yogolino sin gluten sin aceite de palma pack de 6 unidades de 60 g.,"3,59 €","6,25 €/kg",https://www.carrefour.es/supermercado/postre-lacteo-mini-de-pera-desde-6-meses-nestle-yogolino-sin-gluten-sin-aceite-de-palma-pack-de-6-unidades-de-60-g-nestle-yogolino/R-658001794/p
Bebe,"Tarrito de plátano, mandarina y pera desde 4 meses Hero Baby pack de 2 unidades de 120 g.","2,30 €","4,96 €/kg",https://www.carrefour.es/supermercado/tarrito-de-platano-mandarina-y-pera-desde-4-meses-hero-baby-pack-de-2-unidades-de-120-g-hero-babyfruta/R-521028844/p
Bebe,Loción Corporal Dove Baby Hidratación Profunda 400ml,"1,42 €","0,90 €/100ml",https://www.carrefour.es/supermercado/locion-corporal-dove-baby-hidratacion-profunda-400ml-dove/R-prod870699/p
Bebe,Tarrito de Melocotón con Platano y Pera Ecológico Carrefour Baby Bio desde 6 meses pack de 2 unidades de 200 g.,"9,25 €","5,75 €/kg",https://www.carrefour.es/supermercado/tarrito-de-melocoton-con-platano-y-pera-ecologico-carrefour-baby-bio-desde-6-meses-pack-de-2-unidades-de-200-g/R-VC4AECOMM-432615/p
Bebe,Tarrito de tres frutas ecológico Smileat 130 g.,"0,80 €","10,92 €/kg",https://www.carrefour.es/supermercado/tarrito-de-tres-frutas-ecologico-smileat-130-g-smileat/R-prod395448/p
Bebe,Tarrito de cabalaza y calabacín desde 4 meses ecológico Smileat sin gluten 230 g.,"1,88 €","8,17 €/kg",https://www.carrefour.es/supermercado/tarrito-de-cabalaza-y-calabacin-desde-4-meses-ecologico-smileat-sin-gluten-230-g-smileat/R-846800378/p
Bebe,Pants noche Carrefour Kids Talla 8-15 años (27-57 Kg) 12 ud.,"9,90 €","0,83 €/ud",https://www.carrefour.es/supermercado/pants-noche-carrefour-kids-talla-8-15-anos-27-57-kg-12-ud-carrefour/R-551303187/p
Bebe,Leche infantil de crecimiento desde 1 año Nestle Nidina 3 sin gluten sin aceite de palma 800 g.,"13,00 €","16,25 €/kg",https://www.carrefour.es/supermercado/leche-infantil-de-crecimiento-desde-1-ano-nestle-nidina-3-sin-gluten-sin-aceite-de-palma-800-g-nestle-nidina/R-521009516/p
Bebe,Pants Dodot Activity Extra Talla 6 +16 Kg 37 ud.,"22,45 €","0,61 €/ud",https://www.carrefour.es/supermercado/pants-dodot-activity-extra-talla-6-16-kg-37-ud-dodot-activity/R-prod960115/p
Bebe,Leche en Polvo Nidina 1 Premium para Lactantes 800 gr,"13,95 €","17,44 €/kg",https://www.carrefour.es/supermercado/leche-en-polvo-nidina-1-premium-para-lactantes-800-gr-nestle-nidina/R-531705121/p
Bebe,Pañales Premium Ultra Protect Carrefour Baby T4 (7kg.-18kg.) 40 ud.,"9,25 €","0,23 €/ud",https://www.carrefour.es/supermercado/panales-premium-ultra-protect-carrefour-baby-t4-7kg-18kg-40-ud-carrefour-baby/R-prod980028/p
Bebe,Snack de cereales con zanahoria ecológico Nutripuffs Naturnes Bio Nestlé 35 g.,"1,76 €","50,29 €/kg",https://www.carrefour.es/supermercado/snack-de-cereales-con-zanahoria-ecologico-nutripuffs-naturnes-bio-nestle-35-g-nestle-naturnes/R-fprod1480099/p
Bebe,Papilla multicereales desde 6 meses ecológica Carrefour Baby Bio 400 g.,"3,10 €","7,75 €/kg",https://www.carrefour.es/supermercado/papilla-multicereales-desde-6-meses-ecologica-carrefour-baby-bio-400-g/R-VC4AECOMM-432829/p
Bebe,Tarrito multifrutas Ecológica Carrefour Baby Bio desde 6 meses pack de 2 unidades de 200 g.,"2,30 €","5,75 €/kg",https://www.carrefour.es/supermercado/tarrito-multifrutas-ecologica-carrefour-baby-bio-desde-6-meses-pack-de-2-unidades-de-200-g/R-VC4AECOMM-432634/p
Bebe,Papilla Infantil Blevit Plus 8 Cereales 1 Kg,"11,55 €","11,55 €/kg",https://www.carrefour.es/supermercado/papilla-infantil-blevit-plus-8-cereales-1-kg-blevit-plus/R-736422501/p
Bebe,Yogur con bizcocho Hero Nanos Mi Merienda bolsita de 100 g.,"0,80 €","8,00 €/kg",https://www.carrefour.es/supermercado/yogur-con-bizcocho-hero-nanos-mi-merienda-bolsita-de-100-g-hero-nanos/R-748813094/p
Bebe,"Tarrito de mandarina, manzana y galletas desde 6 meses Hero Baby merienda pack de 2 unidades de 200 g.","1,84 €","4,84 €/kg",https://www.carrefour.es/supermercado/tarrito-de-mandarina-manzana-y-galletas-desde-6-meses-hero-baby-merienda-pack-de-2-unidades-de-200-g-hero-babymerienda/R-528412772/p
Bebe,Yogur con fresa Hero Nanos Mi Merienda sin gluten bolsita de 100 g.,"0,80 €","8,00 €/kg",https://www.carrefour.es/supermercado/yogur-con-fresa-hero-nanos-mi-merienda-sin-gluten-bolsita-de-100-g-hero-nanos/R-748813092/p
Bebe,Acondicionador spray Gotas de brillo Johnson's 200 ml.,"3,15 €","1,57 €/100ml",https://www.carrefour.es/supermercado/acondicionador-spray-gotas-de-brillo-johnsons-200-ml-johnsons/R-prod1120676/p
Bebe,Preparado de gelatina con frutas del bosque Hero Nanos sin gluten bolsita de 100 g.,"0,80 €","8,00 €/kg",https://www.carrefour.es/supermercado/preparado-de-gelatina-con-frutas-del-bosque-hero-nanos-sin-gluten-bolsita-de-100-g-hero-nanos/R-748813080/p
Bebe,Loción corporal Corrontouch Johnson's 500 ml.,"3,50 €","0,70 €/100ml",https://www.carrefour.es/supermercado/locion-corporal-corrontouch-johnsons-500-ml-johnsons/R-prod1070218/p
Bebe,Tarrito de verduritas con pollo desde 6 meses ecológico Carrefour Baby Bio pack de 2 unidades de 200 g,"2,30 €","5,75 €/kg",https://www.carrefour.es/supermercado/tarrito-de-verduritas-con-pollo-desde-6-meses-ecologico-carrefour-baby-bio-pack-de-2-unidades-de-200-g/R-VC4AECOMM-432697/p
Bebe,Pañales Dodot Sensitive Recién Nacido Talla 2 (4-8 kg) 34 uds,"7,85 €","0,23 €/ud",https://www.carrefour.es/supermercado/panales-dodot-sensitive-recien-nacido-talla-2-4-8-kg-34-uds-dodot-sensitive/R-829518811/p
Bebe,NATURNES BIO TARRITO Guisantes con Patata y Pollo 200 g,"1,65 €","8,68 €/kg",https://www.carrefour.es/supermercado/naturnes-bio-tarrito-guisantes-con-patata-y-pollo-200-g-nestle-naturnes/R-prod760332/p
Bebe,Yogur con plátano y fresa Hero Mi Merienda pack de 4 bolsitas de 100 g.,"3,90 €","9,75 €/kg",https://www.carrefour.es/supermercado/yogur-con-platano-y-fresa-hero-mi-merienda-pack-de-4-bolsitas-de-100-g-hero/R-prod1022845/p
Bebe,Preparado multifrutas con galleta desde 6 meses Hero Baby sin azúcares añadidos bolsita de 100 g.,"0,80 €","8,00 €/kg",https://www.carrefour.es/supermercado/preparado-multifrutas-con-galleta-desde-6-meses-hero-baby-sin-azucares-anadidos-bolsita-de-100-g-hero-baby/R-824302023/p
Bebe,Tarrito de guisantes con jamón desde 6 meses ecológico Carrefour Baby Bio pack de 2 unidades de 200 g,"2,30 €","5,75 €/kg",https://www.carrefour.es/supermercado/tarrito-de-guisantes-con-jamon-desde-6-meses-ecologico-carrefour-baby-bio-pack-de-2-unidades-de-200-g/R-VC4AECOMM-432844/p
Bebe,Tarrito de manzana y naranja ecológico Smileat 130 g.,"1,51 €","11,62 €/kg",https://www.carrefour.es/supermercado/tarrito-de-manzana-y-naranja-ecologico-smileat-130-g-smileat/R-prod395523/p
Bebe,Loción corporal pieles átopicas Instituto Español 750 ml.,"8,35 €","1,11 €/100ml",https://www.carrefour.es/supermercado/locion-corporal-pieles-atopicas-instituto-espanol-750-ml/R-VC4AECOMM-530994/p
Bebe,Ropa interior absorbente niña noche DryNites 3-5 años (16kg-23 kg.) 16 ud,"2,05 €","0,77 €/ud",https://www.carrefour.es/supermercado/ropa-interior-absorbente-nina-noche-drynites-3-5-anos-16kg-23-kg-16-ud-drynites/R-641402050/p
Bebe,Tarrito de verduras con quinoa ecológico Smileat sin gluten 230 g.,"1,21 €","8,91 €/kg",https://www.carrefour.es/supermercado/tarrito-de-verduras-con-quinoa-ecologico-smileat-sin-gluten-230-g-smileat/R-fprod1220106/p
Bebe,Tarrito de ternera con patatas y zanahorias desde los 6 meses Nutribén Potitos 235 g.,"1,05 €","5,15 €/kg",https://www.carrefour.es/supermercado/tarrito-de-ternera-con-patatas-y-zanahorias-desde-los-6-meses-nutriben-potitos-235-g/R-fprod1280385/p
Bebe,Yogur de manzana y plátano ecológico Hero Solo bolsita 100 g.,"9,80 €","10,50 €/kg",https://www.carrefour.es/supermercado/yogur-de-manzana-y-platano-ecologico-hero-solo-bolsita-100-g/R-VC4AECOMM-486066/p
Bebe,Crema bálsamo para proteger la zona del pañal 123 Mustela 150 ml,"1,65 €","6,53 €/100ml",https://www.carrefour.es/supermercado/crema-balsamo-para-proteger-la-zona-del-panal-123-mustela-150-ml-mustela/R-590511424/p
Bebe,NATURNES BIO TARRITO Hortalizas con Ternera 200 g,"1,21 €","8,68 €/kg",https://www.carrefour.es/supermercado/naturnes-bio-tarrito-hortalizas-con-ternera-200-g-nestle-naturnes/R-prod760329/p
Bebe,Tarrito de verduritas con lenguado desde 6 meses Nutribén 235 g.,"12,40 €","5,15 €/kg",https://www.carrefour.es/supermercado/tarrito-de-verduritas-con-lenguado-desde-6-meses-nutriben-235-g-nutriben/R-fprod1250161/p
Bebe,Loción corporal hidratante Hydra Bebé Mustela 500 ml.,"8,75 €","2,48 €/100ml",https://www.carrefour.es/supermercado/locion-corporal-hidratante-hydra-bebe-mustela-500-ml-mustela/R-590510652/p
Bebe,Crema para proteger la zona del pañal Weleda Caléndula 75 ml,"1,23 €","11,67 €/100ml",https://www.carrefour.es/supermercado/crema-para-proteger-la-zona-del-panal-weleda-calendula-75-ml-weleda/R-710701799/p
Bebe,Toallitas húmedas con tapa infantiles Peppa Pig 20 uds.,"4,45 €","0,06 €/ud",https://www.carrefour.es/supermercado/toallitas-humedas-con-tapa-infantiles-peppa-pig-20-uds-peppa-pig/R-730701876/p
Bebe,Papilla 8 cereales con galletas María desde 6 meses sin azúcar añadido Nutribén 600 gr,"8,90 €","7,42 €/kg",https://www.carrefour.es/supermercado/papilla-8-cereales-con-galletas-maria-desde-6-meses-sin-azucar-anadido-nutriben-600-gr-nutriben/R-804324052/p
Bebe,Papilla infantil desde 5 meses de 8 cereales y galletas María Blevit plus 600 g.,"2,85 €","14,83 €/kg",https://www.carrefour.es/supermercado/papilla-infantil-desde-5-meses-de-8-cereales-y-galletas-maria-blevit-plus-600-g-blevit-plus-duplo/R-618101700/p
Bebe,Papilla infantil desde 6 meses 7 cereales ecológica Smileat 200 g.,"0,87 €","14,25 €/kg",https://www.carrefour.es/supermercado/papilla-infantil-desde-6-meses-7-cereales-ecologica-smileat-200-g-smileat/R-fprod1220122/p
Bebe,Bolsita Nestlé Multifrutas 90g,"3,70 €","9,67 €/kg",https://www.carrefour.es/supermercado/bolsita-nestle-multifrutas-90g-nestle/R-823705650/p
Bebe,Jabón Cotton Touch Johson's 500 ml,"1,63 €","0,74 €/100ml",https://www.carrefour.es/supermercado/jabon-cotton-touch-johsons-500-ml-johnsons/R-prod1070219/p
Bebe,"Tarrito de patatas, zanahoria y salmón desde 8 meses ecológico Hero Baby Solo 190 g.","2,29 €","8,58 €/kg",https://www.carrefour.es/supermercado/tarrito-de-patatas-zanahoria-y-salmon-desde-8-meses-ecologico-hero-baby-solo-190-g-hero-baby/R-fprod1220183/p
Bebe,Postre lacteo natural desde 6 meses sin azúcar añadido ecológico Nestlé Naturnes pack de 4 unidades de 90 g.,"7,10 €","6,36 €/kg",https://www.carrefour.es/supermercado/postre-lacteo-natural-desde-6-meses-sin-azucar-anadido-ecologico-nestle-naturnes-pack-de-4-unidades-de-90-g-nestle-naturnes/R-prod760335/p
Bebe,Pañales ecológicos Carrefour Baby Talla 5 junior (11-25 Kg) 24 ud.,"2,00 €","0,30 €/ud",https://www.carrefour.es/supermercado/panales-ecologicos-carrefour-baby-talla-5-junior-11-25-kg-24-ud-carrefour-baby/R-prod1040218/p
Bebe,Tarrito de boniato y chirivia con ternera desde 6 meses ecológico Naturnes Nestlé 190 g.,"6,70 €","10,53 €/kg",https://www.carrefour.es/supermercado/tarrito-de-boniato-y-chirivia-con-ternera-desde-6-meses-ecologico-naturnes-nestle-190-g-nestle-naturnes/R-fprod1480098/p
Bebe,Champú bebé ultra suave Mustela 200 ml.,"2,80 €","3,35 €/100ml",https://www.carrefour.es/supermercado/champu-bebe-ultra-suave-mustela-200-ml-mustela/R-590507880/p
Bebe,Galletas infantiles desde 4 meses Almirón sin gluten 250 g.,"6,66 €","11,20 €/kg",https://www.carrefour.es/supermercado/galletas-infantiles-desde-4-meses-almiron-sin-gluten-250-g-almiron/R-713315960/p
Bebe,Pañales ultra dry Carrefour Baby Talla 3 (4-9 kg) 49 ud.,"3,10 €","0,14 €/ud",https://www.carrefour.es/supermercado/panales-ultra-dry-carrefour-baby-talla-3-4-9-kg-49-ud-carrefour-baby/R-prod970319/p
Bebe,Champú Dove Baby Hidratación Profunda 400ml,"1,00 €","0,77 €/100ml",https://www.carrefour.es/supermercado/champu-dove-baby-hidratacion-profunda-400ml-dove/R-prod870713/p
Bebe,Papilla infantil desde 6 meses 8 cereales con galleta maría sin azúcar añadido Nestlé sin aceite de palma 2400 g.,"11,45 €","4,77 €/kg",https://www.carrefour.es/supermercado/papilla-infantil-desde-6-meses-8-cereales-con-galleta-maria-sin-azucar-anadido-nestle-sin-aceite-de-palma-2400-g-nestle/R-prod590556/p
Bebe,Loción corporal hidratante ecológica Natural Denenes 400 ml.,"4,15 €","1,04 €/100ml",https://www.carrefour.es/supermercado/locion-corporal-hidratante-ecologica-natural-denenes-400-ml-denenes/R-fprod1180195/p
Bebe,Leche infantil de crecimiento desde los 12 meses en polvo Almirón Advance 3 1200 g.,"19,35 €","16,13 €/kg",https://www.carrefour.es/supermercado/leche-infantil-de-crecimiento-desde-los-12-meses-en-polvo-almiron-advance-3-1200-g-almiron/R-713315936/p
Bebe,Gel - Champú para bebé atopic protect aceite de aguacate Carrefour My Baby 500 ml.,"3,10 €","0,62 €/100ml",https://www.carrefour.es/supermercado/gel-champu-para-bebe-atopic-protect-aceite-de-aguacate-carrefour-my-baby-500-ml/R-VC4AECOMM-436430/p
Bebe,Papilla 5 Cereales Nestlé 1200 gr,"6,25 €","5,21 €/kg",https://www.carrefour.es/supermercado/papilla-5-cereales-nestle-1200-gr-nestle/R-521028919/p
Bebe,Snacks de plátano Naturnes Bio 35 g.,"1,76 €","50,29 €/kg",https://www.carrefour.es/supermercado/snacks-de-platano-naturnes-bio-35-g-nestle-naturnes/R-fprod1480333/p
Bebe,Tarrito de guisantes y brócolio ecológicos Nestlé Naturnes 125 g.,"1,26 €","10,08 €/kg",https://www.carrefour.es/supermercado/tarrito-de-guisantes-y-brocolio-ecologicos-nestle-naturnes-125-g-nestle/R-fprod1180162/p
Bebe,Tarrito de brócoli y guisantes con pavo desde 6 meses ecológico Naturnes Nestlé 190 g.,"2,05 €","10,79 €/kg",https://www.carrefour.es/supermercado/tarrito-de-brocoli-y-guisantes-con-pavo-desde-6-meses-ecologico-naturnes-nestle-190-g-nestle-naturnes/R-fprod1480106/p
Bebe,Leche infantil de continuación Blemil Plus 2 Forte lata 800 g.,"16,15 €","20,19 €/kg",https://www.carrefour.es/supermercado/leche-infantil-de-continuacion-blemil-plus-2-forte-lata-800-g-blemil-plus/R-657701745/p
Bebe,Leche infantil de crecimiento en polvo Nativa 3 sin aceite de palma 800 g.,"9,35 €","11,69 €/kg",https://www.carrefour.es/supermercado/leche-infantil-de-crecimiento-en-polvo-nativa-3-sin-aceite-de-palma-800-g-nestle-nativa/R-635101925/p
Bebe,Acondicionador Johnson's Baby 500 ml.,"3,40 €","0,68 €/100ml",https://www.carrefour.es/supermercado/acondicionador-johnsons-baby-500-ml-johnsons-baby/R-prod1120286/p
Bebe,Champú camomila dosificador Johnson's Baby 500 ml.,"3,80 €","0,76 €/100ml",https://www.carrefour.es/supermercado/champu-camomila-dosificador-johnsons-baby-500-ml-johnsons-baby/R-prod1120454/p
Bebe,Aceite baby Johnson's 500 ml.,"3,30 €","0,66 €/100ml",https://www.carrefour.es/supermercado/aceite-baby-johnsons-500-ml-johnsons/R-prod1140174/p
Bebe,Talco Carrefour Baby Sensitive 250g,"1,73 €","0,69 €/100g",https://www.carrefour.es/supermercado/talco-carrefour-baby-sensitive-250g-carrefour-baby/R-735905772/p
Bebe,Pañales Dodot Talla 6 +13 kg 66 uds,"19,57 €","0,30 €/ud",https://www.carrefour.es/supermercado/panales-dodot-talla-6-13-kg-66-uds-dodot/R-814300519/p
Bebe,"Preparado de pera, plátano y avena sin azúcar añadido desde 6 meses Hero Baby bolsita de 100 g.","0,80 €","8,00 €/kg",https://www.carrefour.es/supermercado/preparado-de-pera-platano-y-avena-sin-azucar-anadido-desde-6-meses-hero-baby-bolsita-de-100-g-hero-baby/R-fprod1220186/p
Bebe,Talco para la higiene y el cuidado de la piel Eudermin 200 g.,"1,74 €","0,87 €/100g",https://www.carrefour.es/supermercado/talco-para-la-higiene-y-el-cuidado-de-la-piel-eudermin-200-g-eudermin/R-786123702/p
Bebe,Pants Dodot Activity Talla 4 (9-15 Kg) 45 ud.,"22,45 €","0,50 €/ud",https://www.carrefour.es/supermercado/pants-dodot-activity-talla-4-9-15-kg-45-ud-dodot-activity/R-prod960111/p
Bebe,Postre lácteo de plátano desde 6 meses Nestlé Yogolino si gluten sin aceite de palma pack de 4 unidades de 100 g.,"2,15 €","5,37 €/kg",https://www.carrefour.es/supermercado/postre-lacteo-de-platano-desde-6-meses-nestle-yogolino-si-gluten-sin-aceite-de-palma-pack-de-4-unidades-de-100-g-nestle-yogolino/R-521028907/p
Bebe,Yogur de fresa desde 6 meses sin azúcar añadido Hero Baby Yogurines pack de 4 unidades de 100 g.,"2,19 €","5,47 €/kg",https://www.carrefour.es/supermercado/yogur-de-fresa-desde-6-meses-sin-azucar-anadido-hero-baby-yogurines-pack-de-4-unidades-de-100-g-hero-baby/R-824302011/p
Bebe,Tarrito de manzana y plátano Ecológico Carrefour Baby Bio desde 6 meses pack de 2 unidades de 200 g.,"2,30 €","5,75 €/kg",https://www.carrefour.es/supermercado/tarrito-de-manzana-y-platano-ecologico-carrefour-baby-bio-desde-6-meses-pack-de-2-unidades-de-200-g/R-VC4AECOMM-432603/p
Bebe,Leche infantil para lactantes en polvo Nan Optipro 1 lata 800 g.,"17,50 €","21,87 €/kg",https://www.carrefour.es/supermercado/leche-infantil-para-lactantes-en-polvo-nan-optipro-1-lata-800-g-nestle-nan/R-590504442/p
Bebe,Suero fisiológico SENTI2 pack 30 monodosis de 5 ml,"3,59 €","3,59 €/ud",https://www.carrefour.es/supermercado/suero-fisiologico-senti2-pack-30-monodosis-de-5-ml-senti2/R-590509096/p
Bebe,Tarrito de zanahoria y boniato ecológicos Nestlé Naturnes 125 g.,"1,31 €","10,48 €/kg",https://www.carrefour.es/supermercado/tarrito-de-zanahoria-y-boniato-ecologicos-nestle-naturnes-125-g-nestle/R-fprod1180159/p
Bebe,Tarrito multifrutas ecológico Smileat 130 g.,"1,42 €","10,92 €/kg",https://www.carrefour.es/supermercado/tarrito-multifrutas-ecologico-smileat-130-g-smileat/R-prod395452/p
Bebe,Leche Hero Baby Nutrasense 2 800 gr,"7,45 €","9,31 €/kg",https://www.carrefour.es/supermercado/leche-hero-baby-nutrasense-2-800-gr-hero-baby/R-788499239/p
Bebe,Leche infantil de continuación desde 6 meses en polvo Blemil Plus Optimum 2 lata 800 g.,"21,35 €","26,69 €/kg",https://www.carrefour.es/supermercado/leche-infantil-de-continuacion-desde-6-meses-en-polvo-blemil-plus-optimum-2-lata-800-g-blemil-plus/R-prod930161/p
Bebe,Colonia infantil Suavinex 100 ml.,"10,35 €","10,35 €/100ml",https://www.carrefour.es/supermercado/colonia-infantil-suavinex-100-ml-suavinex/R-590502502/p
Bebe,Crema hidratante fragancia original Nenuco 400 ml.,"3,40 €","0,85 €/100ml",https://www.carrefour.es/supermercado/crema-hidratante-fragancia-original-nenuco-400-ml-nenuco/R-594401703/p
Bebe,Pants soft & eco-friendly ecológico My Carrefour Baby T5 (12-18 kg) 18 ud.,"6,10 €","0,34 €/ud",https://www.carrefour.es/supermercado/pants-soft-eco-friendly-ecologico-my-carrefour-baby-t5-12-18-kg-18-ud/R-VC4AECOMM-512780/p
Bebe,Leche infantil de continuación cereales con galleta maría desde 6 Meses Nestlé sin aceite de palma pack de 2 unidades de 250 ml,"2,00 €","4,00 €/l",https://www.carrefour.es/supermercado/leche-infantil-de-continuacion-cereales-con-galleta-maria-desde-6-meses-nestle-sin-aceite-de-palma-pack-de-2-unidades-de-250-ml-nestle/R-521028960/p
Bebe,Preparado de manzana sin azúcar añadido desde 6 meses ecológico My Carrefour Baby sin gluten pack de 4 bolsitas de 100 g.,"1,99 €","4,97 €/kg",https://www.carrefour.es/supermercado/preparado-de-manzana-sin-azucar-anadido-desde-6-meses-ecologico-my-carrefour-baby-sin-gluten-pack-de-4-bolsitas-de-100-g/R-VC4AECOMM-550147/p
Bebe,Champú dosificador Johnson's Baby 500 ml.,"3,80 €","0,76 €/100ml",https://www.carrefour.es/supermercado/champu-dosificador-johnsons-baby-500-ml-johnsons-baby/R-prod1120453/p
Bebe,Tarrito de pollo con guisantes y zanahorias desde 6 meses Nutribén 235 g.,"1,21 €","5,15 €/kg",https://www.carrefour.es/supermercado/tarrito-de-pollo-con-guisantes-y-zanahorias-desde-6-meses-nutriben-235-g-nutriben/R-fprod1250163/p
Bebe,Tarrito de jamón y ternera con menestra de verduras desde los 6 meses Nutribén Potitos 235 g.,"1,21 €","5,15 €/kg",https://www.carrefour.es/supermercado/tarrito-de-jamon-y-ternera-con-menestra-de-verduras-desde-los-6-meses-nutriben-potitos-235-g/R-fprod1280388/p
Bebe,"Pañales Dodot Sensitive Recién Nacido Talla 0 (1,5-2,5 kg) 24 uds","5,75 €","0,24 €/ud",https://www.carrefour.es/supermercado/panales-dodot-sensitive-recien-nacido-talla-0-1-5-2-5-kg-24-uds-dodot-sensitive/R-795768803/p
Bebe,Preparado de plátano y manzana Nestlé sin gluten pack de 4 unidades de 90 g.,"3,05 €","8,47 €/kg",https://www.carrefour.es/supermercado/preparado-de-platano-y-manzana-nestle-sin-gluten-pack-de-4-unidades-de-90-g-nestle/R-fprod1280130/p
Bebe,Protector de cama 80 x 180 cms Sabanindas 20 ud.,"13,15 €","0,66 €/ud",https://www.carrefour.es/supermercado/protector-de-cama-80-x-180-cms-sabanindas-20-ud-sabanindas/R-590511598/p
Bebe,Postre lácteo de pera y plátano desde 6 meses sin azúcar añadido ecológico Nestlé Naturnes pack de 4 unidades de 90 g.,"2,29 €","6,36 €/kg",https://www.carrefour.es/supermercado/postre-lacteo-de-pera-y-platano-desde-6-meses-sin-azucar-anadido-ecologico-nestle-naturnes-pack-de-4-unidades-de-90-g-nestle-naturnes/R-prod760331/p
Bebe,Leche infantil de continuación con cereales Pijama desde 6 meses Nestlé sin aceite de palma pack de 2 unidades de 250 ml,"2,00 €","4,00 €/l",https://www.carrefour.es/supermercado/leche-infantil-de-continuacion-con-cereales-pijama-desde-6-meses-nestle-sin-aceite-de-palma-pack-de-2-unidades-de-250-ml-nestle/R-521028956/p
Bebe,Esponja fibra natural Suavinex 1 ud.,"5,85 €","5,85 €/ud",https://www.carrefour.es/supermercado/esponja-fibra-natural-suavinex-1-ud-suavinex/R-590511916/p
Bebe,"Pouch de cereza, açai y amaranto ecológico Smileat sin gluten y sin lactosa 100 g","1,42 €","14,20 €/kg",https://www.carrefour.es/supermercado/pouch-de-cereza-aai-y-amaranto-ecologico-smileat-sin-gluten-y-sin-lactosa-100-g/R-VC4AECOMM-547310/p
Bebe,Papilla infantil desde 6 meses 8 Cereales con miel Nestlé sin aceite de palma 2400 g,"11,45 €","4,77 €/kg",https://www.carrefour.es/supermercado/papilla-infantil-desde-6-meses-8-cereales-con-miel-nestle-sin-aceite-de-palma-2400-g-nestle/R-prod590557/p
Bebe,Leche infantil de continuación desde 6 meses Nan Supreme 2 lata 800 g.,"20,60 €","25,75 €/kg",https://www.carrefour.es/supermercado/leche-infantil-de-continuacion-desde-6-meses-nan-supreme-2-lata-800-g-nestle-nan/R-prod310547/p
Bebe,Champú con extracto de camomila Carrefour Baby 750 ml.,"2,69 €","0,36 €/100ml",https://www.carrefour.es/supermercado/champu-con-extracto-de-camomila-carrefour-baby-750-ml/R-VC4AECOMM-448796/p
Bebe,Champú muy suave Denenes 500 ml.,"3,00 €","0,60 €/100ml",https://www.carrefour.es/supermercado/champu-muy-suave-denenes-500-ml-denenes/R-521002495/p
Bebe,Agua colonia sin alcohol Mustela 200 ml.,"6,90 €","3,45 €/100ml",https://www.carrefour.es/supermercado/agua-colonia-sin-alcohol-mustela-200-ml-mustela/R-590509744/p
Bebe,Crema cuidado culito hipoalergénico Carrefour My Baby 250 ml.,"2,50 €","1,00 €/100ml",https://www.carrefour.es/supermercado/crema-cuidado-culito-hipoalergenico-carrefour-my-baby-250-ml/R-VC4AECOMM-488944/p
Bebe,Papilla infantil desde los 5-6 meses multicereales fos Damira sin lactosa 600 g.,"6,20 €","1,03 €/100g",https://www.carrefour.es/supermercado/papilla-infantil-desde-los-5-6-meses-multicereales-fos-damira-sin-lactosa-600-g-sanutri/R-590511144/p
Bebe,"Preparado de pera,manzana y plátano desde 4 meses ecológico Nestlé Naturnes sin gluten bolsita de 90 g.","1,06 €","11,78 €/kg",https://www.carrefour.es/supermercado/preparado-de-pera-manzana-y-platano-desde-4-meses-ecologico-nestle-naturnes-sin-gluten-bolsita-de-90-g-nestle-naturnes/R-prod760333/p
Bebe,Tarrito de garbanzos con verduritas desde 8 meses ecológico Carrefour Baby Bio 200 g,"0,93 €","4,65 €/kg",https://www.carrefour.es/supermercado/tarrito-de-garbanzos-con-verduritas-desde-8-meses-ecologico-carrefour-baby-bio-200-g/R-VC4AECOMM-432833/p
Bebe,Tarrito de verduritas variadas desde 4 meses ecológico Carrefour Baby Bio pack de 2 unidades de 200 g,"2,30 €","5,75 €/kg",https://www.carrefour.es/supermercado/tarrito-de-verduritas-variadas-desde-4-meses-ecologico-carrefour-baby-bio-pack-de-2-unidades-de-200-g/R-VC4AECOMM-432632/p
Bebe,Jabón líquido relajante Felices Sueños Denenes 500 ml.,"2,85 €","0,57 €/100ml",https://www.carrefour.es/supermercado/jabon-liquido-relajante-felices-suenos-denenes-500-ml-denenes/R-521002493/p
Bebe,NATURNES BIO TARRITO Zanahoria y Tomate con Pavo 200 g,"1,65 €","8,68 €/kg",https://www.carrefour.es/supermercado/naturnes-bio-tarrito-zanahoria-y-tomate-con-pavo-200-g-nestle-naturnes/R-prod760311/p
Bebe,Leche infantil para lactantes en polvo Nativa 1 lata sin aceite de palma 800 g.,"9,90 €","12,37 €/kg",https://www.carrefour.es/supermercado/leche-infantil-para-lactantes-en-polvo-nativa-1-lata-sin-aceite-de-palma-800-g-nestle-nativa/R-531705135/p
Bebe,Gel Champú Suavinex 750 ml,"11,25 €","1,50 €/100ml",https://www.carrefour.es/supermercado/gel-champu-suavinex-750-ml-suavinex/R-730814104/p
Bebe,Toallitas rostro y manos con caléndula Corine de Farme 25 ud.,"1,71 €","0,07 €/ud",https://www.carrefour.es/supermercado/toallitas-rostro-y-manos-con-calendula-corine-de-farme-25-ud-corine-de-farme/R-841300595/p
Bebe,Pasta al agua Eryplast 200 g.,"13,90 €","6,95 €/100g",https://www.carrefour.es/supermercado/pasta-al-agua-eryplast-200-g-lutsine/R-619501542/p
Bebe,Crema bálsamo para cambio de pañal pieles sensible y atópicas Instituto Español 150 ml.,"4,45 €","2,97 €/100ml",https://www.carrefour.es/supermercado/crema-balsamo-para-cambio-de-panal-pieles-sensible-y-atopicas-instituto-espanol-150-ml-instituto-espanol/R-prod590203/p
Bebe,Pants soft & eco-friendly ecológico My Carrefour Baby T6 (+16 kg) 16 ud.,"6,10 €","0,38 €/ud",https://www.carrefour.es/supermercado/pants-soft-eco-friendly-ecologico-my-carrefour-baby-t6-16-kg-16-ud/R-VC4AECOMM-512784/p
Bebe,Gel-champú para bebés Nutraisdin 1000 ml.,"14,50 €","1,45 €/100ml",https://www.carrefour.es/supermercado/gel-champu-para-bebes-nutraisdin-1000-ml-nutraisdin/R-609203556/p
Bebe,Suero fisilógico Senti2 30 ud.,"6,70 €","0,11 €/ud",https://www.carrefour.es/supermercado/suero-fisilogico-senti2-30-ud-senti2/R-732215651/p
Bebe,Tarrito de melocotón y frambuesa ecológico Smileat 130 g.,"1,42 €","10,92 €/kg",https://www.carrefour.es/supermercado/tarrito-de-melocoton-y-frambuesa-ecologico-smileat-130-g-smileat/R-fprod1220099/p
Bebe,Pañales Dodot Azul Talla 2 (4-8 Kg) 112 uds,"22,49 €","0,20 €/ud",https://www.carrefour.es/supermercado/panales-dodot-azul-talla-2-4-8-kg-112-uds-dodot/R-831627253/p
Bebe,Fórmula de Crecimiento Nidina 4 Premium en Polvo 800g,"11,35 €","2,36 €/kg",https://www.carrefour.es/supermercado/formula-de-crecimiento-nidina-4-premium-en-polvo-800g-nestle-nidina/R-720619039/p
Bebe,Leche infantil de inicio desde el primer día en polvo Almirón Avance 1 1200 g.,"27,75 €","23,12 €/kg",https://www.carrefour.es/supermercado/leche-infantil-de-inicio-desde-el-primer-dia-en-polvo-almiron-avance-1-1200-g-almiron/R-prod301513/p
Bebe,Pants My Carrefour Baby T5 (12-18 kg) 80 ud,"19,15 €","0,24 €/ud",https://www.carrefour.es/supermercado/pants-my-carrefour-baby-t5-12-18-kg-80-ud/R-VC4AECOMM-567949/p
Bebe,Papilla infantil desde 12 meses de cereales con ColaCao Blevit plus 600 g.,"7,70 €","12,83 €/kg",https://www.carrefour.es/supermercado/papilla-infantil-desde-12-meses-de-cereales-con-colacao-blevit-plus-600-g-blevit-plus/R-613004452/p
Bebe,Bolsitas yogolino Platano 90 gr,"1,00 €","11,11 €/kg",https://www.carrefour.es/supermercado/bolsitas-yogolino-platano-90-gr-nestle-yogolino/R-794747543/p
Bebe,Champú Gotas de fuerza Johnson's 500 ml.,"3,15 €","0,63 €/100ml",https://www.carrefour.es/supermercado/champu-gotas-de-fuerza-johnsons-500-ml-johnsons/R-prod1120713/p
Bebe,"Tarrito de manzana, naranja y plátano con galleta desde 6 meses Nutribén 250 g.","1,21 €","5,15 €/kg",https://www.carrefour.es/supermercado/tarrito-de-manzana-naranja-y-platano-con-galleta-desde-6-meses-nutriben-250-g-nutriben/R-fprod1280562/p
Bebe,Gel de Baño sin jabón para recién nacidos Instituto Español 500 ml.,"5,20 €","1,04 €/100ml",https://www.carrefour.es/supermercado/gel-de-bano-sin-jabon-para-recien-nacidos-instituto-espanol-500-ml-instituto-espanol/R-prod590201/p
Bebe,Crema de Pañal Baby Dove 45gr,"2,59 €","5,76 €/100g",https://www.carrefour.es/supermercado/crema-de-panal-baby-dove-45gr-dove/R-prod870707/p
Bebe,Pañales premium ultra protect Carrefour Baby T3 (4kg.-9kg.) 44 ud.,"9,25 €","0,21 €/ud",https://www.carrefour.es/supermercado/panales-premium-ultra-protect-carrefour-baby-t3-4kg-9kg-44-ud-carrefour-baby/R-prod971900/p
Bebe,Leche infantil para lactantes Nan Supreme 1 lata 800 g.,"22,90 €","28,62 €/kg",https://www.carrefour.es/supermercado/leche-infantil-para-lactantes-nan-supreme-1-lata-800-g-nestle-nan/R-prod310544/p
Bebe,"Bolsitas Nestlé Manzana, Zanahoria y Mango +6m 90grs","1,00 €","11,11 €/kg",https://www.carrefour.es/supermercado/bolsitas-nestle-manzana-zanahoria-y-mango-6m-90grs-nestle/R-823705644/p
Bebe,Tarrito de macedonia de frutas con cereales desde 6 meses Nutribén 250 g.,"1,21 €","5,15 €/kg",https://www.carrefour.es/supermercado/tarrito-de-macedonia-de-frutas-con-cereales-desde-6-meses-nutriben-250-g-nutriben/R-fprod1280560/p
Bebe,Snacks de tomate Naturnes Bio 35 g.,"1,76 €","50,29 €/kg",https://www.carrefour.es/supermercado/snacks-de-tomate-naturnes-bio-35-g-nestle-naturnes/R-fprod1480302/p
Bebe,Talco Johnson's Baby 200 g.,"2,75 €","1,37 €/100ml",https://www.carrefour.es/supermercado/talco-johnsons-baby-200-g-johnsons-baby/R-527173282/p
Bebe,Aceite cotton touch Johnson's 300 ml.,"2,90 €","0,97 €/100ml",https://www.carrefour.es/supermercado/aceite-cotton-touch-johnsons-300-ml-johnsons/R-prod1070220/p
Bebe,Tarrito de espagueti boloñesa desde 8 meses ecológico Carrefour Baby Bio 200 g,"0,93 €","4,65 €/kg",https://www.carrefour.es/supermercado/tarrito-de-espagueti-bolonesa-desde-8-meses-ecologico-carrefour-baby-bio-200-g/R-VC4AECOMM-433066/p
Bebe,Braguitas desechables unitalla Indasec Pospart 4 ud.,"4,10 €","1,02 €/ud",https://www.carrefour.es/supermercado/braguitas-desechables-unitalla-indasec-pospart-4-ud-indasec-pospart/R-prod260491/p
Bebe,Papilla 8 cereales con miel y 4 frutas desde 6 meses Nutribén 600 gr,"4,45 €","7,42 €/kg",https://www.carrefour.es/supermercado/papilla-8-cereales-con-miel-y-4-frutas-desde-6-meses-nutriben-600-gr-nutriben/R-804324054/p
Bebe,Gasas Mercurochrome 30 ud.,"4,90 €","0,16 €/ud",https://www.carrefour.es/supermercado/gasas-mercurochrome-30-ud-mercurochrome/R-530363368/p
Bebe,Pañales Dodot activity XXL Talla 6 (+13 Kg) 117 ud.,"45,99 €","0,39 €/ud",https://www.carrefour.es/supermercado/panales-dodot-activity-xxl-talla-6-13-kg-117-ud-dodot-activity/R-prod1130523/p
Bebe,Bolsita Nestlé Plátano y Manzana 90 grs,"0,87 €","9,67 €/kg",https://www.carrefour.es/supermercado/bolsita-nestle-platano-y-manzana-90-grs-nestle/R-776104271/p
Bebe,Papilla infantil desde 5 meses 8 Cereales con galleta Damira 600 g.,"6,20 €","1,03 €/100g",https://www.carrefour.es/supermercado/papilla-infantil-desde-5-meses-8-cereales-con-galleta-damira-600-g-sanutri/R-590502488/p
Bebe,Tarrrito de ternera con judías verdes y zanahorias desde 6 meses Nutribén 235 g.,"1,21 €","5,15 €/kg",https://www.carrefour.es/supermercado/tarrrito-de-ternera-con-judias-verdes-y-zanahorias-desde-6-meses-nutriben-235-g-nutriben/R-fprod1250162/p
Bebe,Papilla infantil desde 12 meses de cereales con cacao y galletas María Nutribén 500 g.,"4,70 €","9,40 €/kg",https://www.carrefour.es/supermercado/papilla-infantil-desde-12-meses-de-cereales-con-cacao-y-galletas-maria-nutriben-500-g-nutriben/R-prod550093/p
Bebe,Leche de Continuación Nidina 2 Premium en Polvo 6 meses 1000g,"14,10 €","14,10 €/kg",https://www.carrefour.es/supermercado/leche-de-continuacion-nidina-2-premium-en-polvo-6-meses-1000g-nestle-nidina/R-748813072/p
Bebe,Tarrito de manzana y plátano ecológico Carrefour Baby Bio 200 g.,"0,93 €","4,65 €/kg",https://www.carrefour.es/supermercado/tarrito-de-manzana-y-platano-ecologico-carrefour-baby-bio-200-g/R-VC4AECOMM-432779/p
Bebe,Tarrito de lentejas con verduritas desde 8 meses ecológico Carrefour Baby Bio 200 g,"0,93 €","4,65 €/kg",https://www.carrefour.es/supermercado/tarrito-de-lentejas-con-verduritas-desde-8-meses-ecologico-carrefour-baby-bio-200-g/R-VC4AECOMM-433081/p
Bebe,Papilla multicereales con fruta desde 6 meses ecológico Carrefour Baby Bio 400 g.,"3,10 €","7,75 €/kg",https://www.carrefour.es/supermercado/papilla-multicereales-con-fruta-desde-6-meses-ecologico-carrefour-baby-bio-400-g/R-VC4AECOMM-433082/p
Bebe,Leche infantil de crecimiento original desde 1 año Nestlé Junior sin aceite de palma brik 1 l.,"1,58 €","1,58 €/l",https://www.carrefour.es/supermercado/leche-infantil-de-crecimiento-original-desde-1-ano-nestle-junior-sin-aceite-de-palma-brik-1-l/R-VC4AECOMM-488588/p
Bebe,Leche infantil de crecimiento desde los 12 meses Blemil Plus 3 lata 800 g.,"15,40 €","19,25 €/kg",https://www.carrefour.es/supermercado/leche-infantil-de-crecimiento-desde-los-12-meses-blemil-plus-3-lata-800-g-blemil-plus/R-590508934/p
Bebe,Leche infantil para lactantes desde el primer día Nutriben Innova 1 lata 800 g.,"21,95 €","27,44 €/kg",https://www.carrefour.es/supermercado/leche-infantil-para-lactantes-desde-el-primer-dia-nutriben-innova-1-lata-800-g-nutriben/R-prod81796/p
Bebe,Leche Infantil NIDINA 3 PREMIUM (2x800G),"22,90 €","14,31 €/kg",https://www.carrefour.es/supermercado/leche-infantil-nidina-3-premium-2x800g-nestle-nidina/R-prod393247/p
Bebe,Toallitas húmedas Suavinex 25 ud.,"1,89 €","0,08 €/ud",https://www.carrefour.es/supermercado/toallitas-humedas-suavinex-25-ud-suavinex/R-819115040/p
Bebe,Leche infantil de crecimiento desde los 12 meses en polvo Nestlé Nan Supreme 3 sin aceite de palma lata 800 g.,"18,30 €","22,87 €/kg",https://www.carrefour.es/supermercado/leche-infantil-de-crecimiento-desde-los-12-meses-en-polvo-nestle-nan-supreme-3-sin-aceite-de-palma-lata-800-g-nestle/R-prod1170147/p
Bebe,Papilla infantil con cereales desde 4 meses ecológico Carrefour Baby Bio sin gluten 400 g.,"3,10 €","7,75 €/kg",https://www.carrefour.es/supermercado/papilla-infantil-con-cereales-desde-4-meses-ecologico-carrefour-baby-bio-sin-gluten-400-g/R-VC4AECOMM-432822/p
Bebe,Spray Nasal Rhinomer Baby Fuerza Extra Suave 115 ml,"9,25 €","8,04 €/100ml",https://www.carrefour.es/supermercado/spray-nasal-rhinomer-baby-fuerza-extra-suave-115-ml-rhinomer/R-671401753/p
Bebe,Loción corporal hidratación & protección SPF 15 para todo tipo de pieles Dove 250 ml.,"3,70 €","14,80 €/l",https://www.carrefour.es/supermercado/locion-corporal-hidratacion-proteccion-spf-15-para-todo-tipo-de-pieles-dove-250-ml/R-VC4AECOMM-481887/p
Bebe,Papilla infantil desde los 5 meses 8 Cereales Damira sin lactosa 600 g,"6,20 €","1,03 €/100g",https://www.carrefour.es/supermercado/papilla-infantil-desde-los-5-meses-8-cereales-damira-sin-lactosa-600-g-sanutri/R-590511140/p
Bebe,Pañales Carrefour Baby Ultra Dry Talla 3 (4-9 kg) 104 ud.,"13,85 €","0,13 €/ud",https://www.carrefour.es/supermercado/panales-carrefour-baby-ultra-dry-talla-3-4-9-kg-104-ud-carrefour-baby/R-prod970004/p
Bebe,Tarrito de arroz con pollo y verduritas desde 6 meses ecológico Carrefour Baby Bio 200 g,"0,93 €","4,65 €/kg",https://www.carrefour.es/supermercado/tarrito-de-arroz-con-pollo-y-verduritas-desde-6-meses-ecologico-carrefour-baby-bio-200-g/R-VC4AECOMM-432823/p
Bebe,Crema corporal aceite de almendra Carrefour Baby 500 ml.,"2,99 €","0,40 €/100ml",https://www.carrefour.es/supermercado/crema-corporal-aceite-de-almendra-carrefour-baby-500-ml/R-VC4AECOMM-450126/p
Bebe,Leche infantil de continuación desde 6 meses Nutribén Pro+ 2 1200 g.,"19,85 €","16,54 €/kg",https://www.carrefour.es/supermercado/leche-infantil-de-continuacion-desde-6-meses-nutriben-pro-2-1200-g-nutriben/R-prod270493/p
Bebe,Loción hidratante corporal recién nacido pieles sensible y atópicas Instituto Español 300 ml.,"5,35 €","1,78 €/100ml",https://www.carrefour.es/supermercado/locion-hidratante-corporal-recien-nacido-pieles-sensible-y-atopicas-instituto-espanol-300-ml-instituto-espanol/R-prod590212/p
Bebe,Leche infantil de continuación con cereales pijama con miel desde 6 meses Nestlé sin aceite de palma pack de 2 unidades de 250 ml,"2,00 €","4,00 €/l",https://www.carrefour.es/supermercado/leche-infantil-de-continuacion-con-cereales-pijama-con-miel-desde-6-meses-nestle-sin-aceite-de-palma-pack-de-2-unidades-de-250-ml-nestle/R-521028962/p
Bebe,Tarrito de verduritas con patata y salmón desde 8 meses ecológico Carrefour Baby Bio sin gluten 200 g.,"1,37 €","6,85 €/kg",https://www.carrefour.es/supermercado/tarrito-de-verduritas-con-patata-y-salmon-desde-8-meses-ecologico-carrefour-baby-bio-sin-gluten-200-g/R-VC4AECOMM-432832/p
Bebe,Set Limpiabiberoes Nuk,"5,90 €","5,90 €/ud",https://www.carrefour.es/supermercado/set-limpiabiberoes-nuk-nuk/R-590508198/p
Bebe,"Tarrito de melocotón, plátano y pera desde 6 meses ecológico Carrefour Baby Bio sin gluten 200 g.","0,93 €","4,65 €/kg",https://www.carrefour.es/supermercado/tarrito-de-melocoton-platano-y-pera-desde-6-meses-ecologico-carrefour-baby-bio-sin-gluten-200-g/R-VC4AECOMM-432802/p
Bebe,Crema bálsamo 1 2 3 para irritaciones y rojeces Mustela 100 ml.,"7,60 €","7,60 €/100ml",https://www.carrefour.es/supermercado/crema-balsamo-1-2-3-para-irritaciones-y-rojeces-mustela-100-ml-mustela/R-590507868/p
Bebe,Crema facial Cold Cream Nutriprotector Mustela 40 ml,"7,75 €","19,37 €/100ml",https://www.carrefour.es/supermercado/crema-facial-cold-cream-nutriprotector-mustela-40-ml-mustela/R-590507898/p
Bebe,Leche infantil de continuación desde 6 meses Nutriben Innova 2 lata 800 g.,"18,70 €","23,37 €/kg",https://www.carrefour.es/supermercado/leche-infantil-de-continuacion-desde-6-meses-nutriben-innova-2-lata-800-g-nutriben/R-prod80909/p
Bebe,Leche Hero Baby Nutrasense 1 800 gr,"8,85 €","11,06 €/kg",https://www.carrefour.es/supermercado/leche-hero-baby-nutrasense-1-800-gr-hero-baby/R-788499237/p
Bebe,Pañales Dodot sensitive extra Talla 6 (+14 kg) 44 ud.,"22,45 €","0,51 €/ud",https://www.carrefour.es/supermercado/panales-dodot-sensitive-extra-talla-6-14-kg-44-ud-dodot-sensitive/R-prod1000464/p
Bebe,Pañales Dodor Activity XXL Talla 3 (6-10 kg) 168 ud.,"45,99 €","0,27 €/ud",https://www.carrefour.es/supermercado/panales-dodor-activity-xxl-talla-3-6-10-kg-168-ud-dodot-activity/R-prod1130535/p
Bebe,Tarrito de verduritas con ternera desde 6 meses ecológico Carrefour Baby Bio 200 g,"0,93 €","4,65 €/kg",https://www.carrefour.es/supermercado/tarrito-de-verduritas-con-ternera-desde-6-meses-ecologico-carrefour-baby-bio-200-g/R-VC4AECOMM-432821/p
Bebe,Recambios para aspirador nasal Rhinomer Narhinel Confort 10 ud.,"4,70 €","0,47 €/ud",https://www.carrefour.es/supermercado/recambios-para-aspirador-nasal-rhinomer-narhinel-confort-10-ud-rhinomer/R-590504106/p
Bebe,Pañales Dodot Talla 4 (9-14 Kg) 88 uds,"19,57 €","0,22 €/ud",https://www.carrefour.es/supermercado/panales-dodot-talla-4-9-14-kg-88-uds-dodot/R-754402250/p
Bebe,Tarrito de guisantes con jamón desde 6 meses ecológico Carrefour Baby Bio 200 g,"0,93 €","4,65 €/kg",https://www.carrefour.es/supermercado/tarrito-de-guisantes-con-jamon-desde-6-meses-ecologico-carrefour-baby-bio-200-g/R-VC4AECOMM-432831/p
Bebe,Leche infantil para lactantes desde el primer día Almirón Advance 1 800 g.,"20,50 €","25,62 €/kg",https://www.carrefour.es/supermercado/leche-infantil-para-lactantes-desde-el-primer-dia-almiron-advance-1-800-g-almiron/R-712703625/p
Bebe,Complemento Alimenticio desde 12 meses sabor chocolate Pediasure 850gr,"22,20 €","26,12 €/kg",https://www.carrefour.es/supermercado/complemento-alimenticio-desde-12-meses-sabor-chocolate-pediasure-850gr-pediasure/R-735888942/p
Bebe,Tarrito de pollo con arroz desde 6 meses Nutribén 235 g.,"1,21 €","5,15 €/kg",https://www.carrefour.es/supermercado/tarrito-de-pollo-con-arroz-desde-6-meses-nutriben-235-g-nutriben/R-fprod1250159/p
Bebe,Tarrito de fruta con copos de avena ecológico Carrefour Baby Bio 200 g.,"1,31 €","6,55 €/kg",https://www.carrefour.es/supermercado/tarrito-de-fruta-con-copos-de-avena-ecologico-carrefour-baby-bio-200-g/R-VC4AECOMM-432795/p
Bebe,Tarrito de verduritas con dorada desde 8 meses ecológico Carrefour Baby Bio sin gluten 200 g.,"1,37 €","6,85 €/kg",https://www.carrefour.es/supermercado/tarrito-de-verduritas-con-dorada-desde-8-meses-ecologico-carrefour-baby-bio-sin-gluten-200-g/R-VC4AECOMM-432818/p
Bebe,Tarrito de verduritas variadas desde 4 meses ecológico Carrefour Baby Bio 200 g,"0,93 €","4,65 €/kg",https://www.carrefour.es/supermercado/tarrito-de-verduritas-variadas-desde-4-meses-ecologico-carrefour-baby-bio-200-g/R-VC4AECOMM-433074/p
Bebe,Papilla infantil desde 5 meses 8 cereales 600 g,"8,25 €","13,75 €/kg",https://www.carrefour.es/supermercado/papilla-infantil-desde-5-meses-8-cereales-600-g/R-fprod1430042/p
Bebe,Termómetro para el baño Suavinex 1 ud.,"5,30 €","5,30 €/ud",https://www.carrefour.es/supermercado/termometro-para-el-bano-suavinex-1-ud-suavinex/R-618801875/p
Bebe,Pañales Carrefour Baby soft&protect Talla 0 (1-3 kg) 24 ud.,"4,65 €","0,19 €/ud",https://www.carrefour.es/supermercado/panales-carrefour-baby-softprotect-talla-0-1-3-kg-24-ud-carrefour-baby/R-prod970316/p
Bebe,Papilla infantil desde 4 meses de cereales con arroz y maíz sin azúcares añadidos Nestlé sin gluten 330 g.,"3,00 €","9,09 €/kg",https://www.carrefour.es/supermercado/papilla-infantil-desde-4-meses-de-cereales-con-arroz-y-maiz-sin-azucares-anadidos-nestle-sin-gluten-330-g/R-fprod1480133/p
Bebe,Tarrito multifrutas ecológico Carrefour Baby Bio 200 g.,"0,93 €","4,65 €/kg",https://www.carrefour.es/supermercado/tarrito-multifrutas-ecologico-carrefour-baby-bio-200-g/R-VC4AECOMM-432789/p
Bebe,Champú micelar ecológico Baby Corine de Farme 500 ml.,"5,50 €","1,10 €/100ml",https://www.carrefour.es/supermercado/champu-micelar-ecologico-baby-corine-de-farme-500-ml-corine-de-farme/R-fprod1190765/p
Bebe,Papilla infantil desde 6 meses de 8 cereales integrales con galleta sin azúcar añadido Nestlé Nestum sin aceite de palma 650 g.,"6,80 €","10,46 €/kg",https://www.carrefour.es/supermercado/papilla-infantil-desde-6-meses-de-8-cereales-integrales-con-galleta-sin-azucar-anadido-nestle-nestum-sin-aceite-de-palma-650-g-nestle-nestum/R-prod670338/p
Bebe,Leche para lactantes desde el primer día en polvo Almirón Profutura 1 bote de 800 g.,"24,65 €","30,81 €/kg",https://www.carrefour.es/supermercado/leche-para-lactantes-desde-el-primer-dia-en-polvo-almiron-profutura-1-bote-de-800-g-almiron/R-prod860708/p
Bebe,"Tarrito de manzana, plátano, pera y melocotón desde 4 meses ecológico Naturnes Nestlé 190 g.","1,99 €","10,47 €/kg",https://www.carrefour.es/supermercado/tarrito-de-manzana-platano-pera-y-melocoton-desde-4-meses-ecologico-naturnes-nestle-190-g-nestle-naturnes/R-fprod1480102/p
Bebe,Tarrito de verduritas con pavo desde 6 meses ecológico Carrefour Baby Bio 200 g,"0,93 €","4,65 €/kg",https://www.carrefour.es/supermercado/tarrito-de-verduritas-con-pavo-desde-6-meses-ecologico-carrefour-baby-bio-200-g/R-VC4AECOMM-433071/p
Bebe,Infusión Infantil Blevit Digest 150 gr,"8,15 €","54,33 €/kg",https://www.carrefour.es/supermercado/infusion-infantil-blevit-digest-150-gr-blevit-digest/R-590508938/p
Bebe,Leche infantil de crecimiento desde 1 año en polvo Blemil Plus Optimun 3 lata 800 g.,"20,35 €","25,44 €/kg",https://www.carrefour.es/supermercado/leche-infantil-de-crecimiento-desde-1-ano-en-polvo-blemil-plus-optimun-3-lata-800-g-blemil-plus/R-prod930206/p
Bebe,Aceite dulces sueños Johnson's Baby 300 ml.,"2,90 €","0,97 €/100ml",https://www.carrefour.es/supermercado/aceite-dulces-suenos-johnsons-baby-300-ml-johnsons-baby/R-prod1120285/p
Bebe,Leche infantil de crecimiento desde 12 meses Nutribén Innova 800 g.,"15,65 €","19,56 €/kg",https://www.carrefour.es/supermercado/leche-infantil-de-crecimiento-desde-12-meses-nutriben-innova-800-g-nutriben/R-prod81254/p
Bebe,Crema cambio pañal calma y prepara la piel del bebé Baby Natura 70 ml.,"2,60 €","3,71 €/100ml",https://www.carrefour.es/supermercado/crema-cambio-panal-calma-y-prepara-la-piel-del-bebe-baby-natura-70-ml/R-fprod1330020/p
Bebe,Pants Pull-Ups niño Huggies T5 (12-17 kg) 34 ud.,"11,20 €","0,33 €/ud",https://www.carrefour.es/supermercado/pants-pull-ups-nino-huggies-t5-12-17-kg-34-ud/R-VC4AECOMM-555588/p
Bebe,Papilla infantil desde 5 meses 5 cereales Blevit plus Superfibra 600 g.,"7,70 €","12,83 €/kg",https://www.carrefour.es/supermercado/papilla-infantil-desde-5-meses-5-cereales-blevit-plus-superfibra-600-g-blevit-plus-superfibra/R-624707651/p
Bebe,Suero fisiológico para bebé hipoalérgico Corine de Farme 30 ud.,"4,80 €","0,16 €/ud",https://www.carrefour.es/supermercado/suero-fisiologico-para-bebe-hipoalergico-corine-de-farme-30-ud-corine-de-farme/R-841300591/p
Bebe,Linimento Corine Farme Bio 500 ml,"6,70 €","1,34 €/100ml",https://www.carrefour.es/supermercado/linimento-corine-farme-bio-500-ml-corine-de-farme/R-fprod1190766/p
Bebe,Gel Dermo-Limpiador Mustela 500 ml,"9,99 €","2,00 €/100ml",https://www.carrefour.es/supermercado/gel-dermo-limpiador-mustela-500-ml-mustela/R-590507872/p
Bebe,Aceite aloe Johnson's Baby 100 ml.,"1,23 €","1,23 €/100ml",https://www.carrefour.es/supermercado/aceite-aloe-johnsons-baby-100-ml-johnsons-baby/R-546101964/p
Bebe,Agua de limpieza micelar ecológica Corine de Farme Baby 500 ml.,"3,85 €","0,77 €/100ml",https://www.carrefour.es/supermercado/agua-de-limpieza-micelar-ecologica-corine-de-farme-baby-500-ml-corine-de-farme/R-fprod1190736/p
Bebe,Agua perfumada bebé 0% alcohol Baby Natura 75 ml,"2,20 €","2,93 €/100ml",https://www.carrefour.es/supermercado/agua-perfumada-bebe-0-alcohol-baby-natura-75-ml/R-fprod1330021/p
Bebe,Papilla 8 Cereales con miel y fibra desde 6 meses Nutribén 600 gr,"4,45 €","7,42 €/kg",https://www.carrefour.es/supermercado/papilla-8-cereales-con-miel-y-fibra-desde-6-meses-nutriben-600-gr-nutriben/R-590508566/p
Bebe,Leche infantil de crecimiento desde 1 año a base de proteína de soja Velactín sin lactosa 800 g.,"14,65 €","18,31 €/kg",https://www.carrefour.es/supermercado/leche-infantil-de-crecimiento-desde-1-ano-a-base-de-proteina-de-soja-velactin-sin-lactosa-800-g-sanutri/R-590511612/p
Bebe,Pack Toallitas Dermo-Suavizantes Mustela 70 uds,"6,80 €","0,10 €/ud",https://www.carrefour.es/supermercado/pack-toallitas-dermo-suavizantes-mustela-70-uds-mustela/R-625820315/p
Bebe,Leche infantil de crecimiento desde 12 meses en polvo Almirón Avance 3 lata 800 g.,"15,25 €","19,06 €/kg",https://www.carrefour.es/supermercado/leche-infantil-de-crecimiento-desde-12-meses-en-polvo-almiron-avance-3-lata-800-g-almiron/R-712703615/p
Bebe,Tarrito de verduritas con lubina desde 8 meses ecológico Carrefour Baby Bio sin gluten 200 g.,"1,37 €","6,85 €/kg",https://www.carrefour.es/supermercado/tarrito-de-verduritas-con-lubina-desde-8-meses-ecologico-carrefour-baby-bio-sin-gluten-200-g/R-VC4AECOMM-432827/p
Bebe,Pants Pull-Ups niña Huggies T5 (13-18 kg) 34 ud.,"11,20 €","0,33 €/ud",https://www.carrefour.es/supermercado/pants-pull-ups-nina-huggies-t5-13-18-kg-34-ud/R-VC4AECOMM-555590/p
Bebe,Mordedor refrigerante etapa 2 Suavinex 1 ud.,"4,20 €","4,20 €/ud",https://www.carrefour.es/supermercado/mordedor-refrigerante-etapa-2-suavinex-1-ud-suavinex/R-661402618/p
Bebe,Papilla Infantil desde 12 meses 8 cereales Blevit 600 g.,"8,25 €","13,75 €/kg",https://www.carrefour.es/supermercado/papilla-infantil-desde-12-meses-8-cereales-blevit-600-g/R-fprod1420351/p
Bebe,Leche infantil desde 12 meses Enfamil 3 Premium 800 gr,"17,50 €","21,87 €/kg",https://www.carrefour.es/supermercado/leche-infantil-desde-12-meses-enfamil-3-premium-800-gr-enfamil/R-590511204/p
Bebe,"Preparado de plátano, naranja y galleta desde 6 meses Nesté sin gluten bolsita de 90 g.","1,00 €","11,11 €/kg",https://www.carrefour.es/supermercado/preparado-de-platano-naranja-y-galleta-desde-6-meses-neste-sin-gluten-bolsita-de-90-g-nestle/R-823705636/p
Bebe,Jabón Líquido Recién Nacido Cuidado Completo Johnson's 500 ml,"3,10 €","0,62 €/100ml",https://www.carrefour.es/supermercado/jabon-liquido-recien-nacido-cuidado-completo-johnsons-500-ml-johnsons/R-prod1070223/p
Bebe,Acondicionador spray Gotas de fuerza Johnson's 200 ml.,"3,15 €","1,57 €/100ml",https://www.carrefour.es/supermercado/acondicionador-spray-gotas-de-fuerza-johnsons-200-ml-johnsons/R-prod1120679/p
Bebe,Pouch de yogur y avena ecológico Smileat 100 g,"1,42 €","14,20 €/kg",https://www.carrefour.es/supermercado/pouch-de-yogur-y-avena-ecologico-smileat-100-g/R-VC4AECOMM-547309/p
Bebe,Bálsamo reparador nasal Letibalm Pediátrico 10 ml.,"5,85 €","58,50 €/100ml",https://www.carrefour.es/supermercado/balsamo-reparador-nasal-letibalm-pediatrico-10-ml-letibalm/R-823608167/p
Bebe,Tijera infantil punta redondeada Suavinex 1 ud.,"5,35 €","5,35 €/ud",https://www.carrefour.es/supermercado/tijera-infantil-punta-redondeada-suavinex-1-ud-suavinex/R-619501422/p
Bebe,Pañales Carrefour Baby soft&protect Talla 2 (3-6 kg) 33 ud.,"5,15 €","0,16 €/ud",https://www.carrefour.es/supermercado/panales-carrefour-baby-softprotect-talla-2-3-6-kg-33-ud-carrefour-baby/R-prod970318/p
Bebe,"Papilla infantil desde 6 meses multicereales con frutos secos, miel y frutas Blevit plus 600 g.","7,70 €","12,83 €/kg",https://www.carrefour.es/supermercado/papilla-infantil-desde-6-meses-multicereales-con-frutos-secos-miel-y-frutas-blevit-plus-600-g-blevit-plus/R-617101721/p
Bebe,Colonia infantil ecológica Natural Denenes 500 ml.,"4,25 €","0,85 €/100ml",https://www.carrefour.es/supermercado/colonia-infantil-ecologica-natural-denenes-500-ml-denenes/R-fprod1180191/p
Bebe,Leche infantil de continuación desde 6 meses en polvo Almirón Avance 2 800 g.,"16,50 €","20,62 €/kg",https://www.carrefour.es/supermercado/leche-infantil-de-continuacion-desde-6-meses-en-polvo-almiron-avance-2-800-g-almiron/R-712703629/p
Bebe,Crema solar facial antiedad SPF 50+ Sun Ultimate Les Cosmetiques 50 ml.,"5,00 €","10,00 €/100ml",https://www.carrefour.es/supermercado/crema-solar-facial-antiedad-spf-50-sun-ultimate-les-cosmetiques-50-ml/R-VC4AECOMM-476847/p
Bebe,Papilla infantil desde 5 meses de 8 cereales con miel Blevit plus 1000 g.,"11,55 €","11,55 €/kg",https://www.carrefour.es/supermercado/papilla-infantil-desde-5-meses-de-8-cereales-con-miel-blevit-plus-1000-g-blevit-plus/R-764119311/p
Bebe,Leche infantil de continuación desde 6 meses Nutribén Pro 800 gr,"14,95 €","18,69 €/kg",https://www.carrefour.es/supermercado/leche-infantil-de-continuacion-desde-6-meses-nutriben-pro-800-gr-nutriben/R-804324056/p
Bebe,Pañales ecológicos Carrefour Baby Talla 3 Mini (4-9 Kg) 30 ud.,"7,10 €","0,24 €/ud",https://www.carrefour.es/supermercado/panales-ecologicos-carrefour-baby-talla-3-mini-4-9-kg-30-ud-carrefour-baby/R-prod1040124/p
Bebe,Tarrito de manzana y plátano desde 4 meses ecológico Naturnes Nestlé 190 g.,"1,99 €","10,47 €/kg",https://www.carrefour.es/supermercado/tarrito-de-manzana-y-platano-desde-4-meses-ecologico-naturnes-nestle-190-g-nestle-naturnes/R-fprod1480101/p
Bebe,Tarrito de verduritas con pollo desde 6 meses ecológico Carrefour Baby Bio 200 g,"0,93 €","4,65 €/kg",https://www.carrefour.es/supermercado/tarrito-de-verduritas-con-pollo-desde-6-meses-ecologico-carrefour-baby-bio-200-g/R-VC4AECOMM-432824/p
Bebe,Gel de baño Sin Lágrimas Natural Sensation Chicco 750 ml.,"9,40 €","1,25 €/100ml",https://www.carrefour.es/supermercado/gel-de-bano-sin-lagrimas-natural-sensation-chicco-750-ml-chicco/R-prod68769/p
Bebe,Gel Dermo Limpiador Mustela 750 ml.,"11,75 €","1,57 €/100ml",https://www.carrefour.es/supermercado/gel-dermo-limpiador-mustela-750-ml-mustela/R-590504186/p
Bebe,Agua de colonia fragancia sueve y refrescante 750 ml.,"2,10 €","0,28 €/100ml",https://www.carrefour.es/supermercado/agua-de-colonia-fragancia-sueve-y-refrescante-750-ml/R-VC4AECOMM-548291/p
Bebe,Tetina de látex anticólico orificio grande Nuk 2 ud.,"5,65 €","2,82 €/ud",https://www.carrefour.es/supermercado/tetina-de-latex-anticolico-orificio-grande-nuk-2-ud-nuk/R-590509358/p
Bebe,Papilla infantil desde 4 meses de arroz sin azúcar añadido Nestlé Nestum sin gluten y sin aceite de palma 250 g.,"2,95 €","11,80 €/kg",https://www.carrefour.es/supermercado/papilla-infantil-desde-4-meses-de-arroz-sin-azucar-anadido-nestle-nestum-sin-gluten-y-sin-aceite-de-palma-250-g-nestle-nestum/R-783814213/p
Bebe,Leche infantil desde el primer día en polvo Almirón Avance Digest 1 800 g.,"26,95 €","33,69 €/kg",https://www.carrefour.es/supermercado/leche-infantil-desde-el-primer-dia-en-polvo-almiron-avance-digest-1-800-g-almiron/R-713315940/p
Bebe,Champú recién nacido extra suave pieles sensible y atópicas Instituto Español 300 ml.,"5,45 €","1,82 €/100ml",https://www.carrefour.es/supermercado/champu-recien-nacido-extra-suave-pieles-sensible-y-atopicas-instituto-espanol-300-ml-instituto-espanol/R-prod590208/p
Bebe,"Preparado laxante con ciruela, tamarindo y kiwi Blevit L 150 g.","8,15 €","54,33 €/kg",https://www.carrefour.es/supermercado/preparado-laxante-con-ciruela-tamarindo-y-kiwi-blevit-l-150-g-blevit-l/R-590508940/p
Bebe,Papilla infantil desde 5 meses de cereales sin azúcar añadido Blevit plus Superfibra sin gluten 600 g.,"7,70 €","12,83 €/kg",https://www.carrefour.es/supermercado/papilla-infantil-desde-5-meses-de-cereales-sin-azucar-anadido-blevit-plus-superfibra-sin-gluten-600-g-blevit-plus-superfibra/R-625319165/p
Bebe,Spray para el cuidado de fosas nasales Agua de Mar Senti2 100 ml.,"6,20 €","6,20 €/100ml",https://www.carrefour.es/supermercado/spray-para-el-cuidado-de-fosas-nasales-agua-de-mar-senti2-100-ml-senti2/R-836507183/p
Bebe,Chupete tetina de látex anatómico azul 6-18 meses Suavinex 2 ud.,"6,60 €","3,30 €/ud",https://www.carrefour.es/supermercado/chupete-tetina-de-latex-anatomico-azul-6-18-meses-suavinex-2-ud-suavinex/R-590511898/p
Bebe,Gel de Baño Mustela Stelatopia 200ml,"9,80 €","4,90 €/100ml",https://www.carrefour.es/supermercado/gel-de-bano-mustela-stelatopia-200ml-mustela/R-prod71290/p
Bebe,Papilla Infantil Blevit Plus 8 Cereales 600 gr,"7,70 €","12,83 €/kg",https://www.carrefour.es/supermercado/papilla-infantil-blevit-plus-8-cereales-600-gr-blevit-plus/R-613004446/p
Bebe,Chupete tetina de látex anatómico rosa 0-6 meses Suavinex 1 ud.,"3,80 €","3,80 €/ud",https://www.carrefour.es/supermercado/chupete-tetina-de-latex-anatomico-rosa-0-6-meses-suavinex-1-ud-suavinex/R-590510522/p
Bebe,Preparado de futas variadas desde 12 meses sin azúcar añadido Fruta&Go Nutribén sin gluten bolsita de 90 gr,"1,27 €","14,11 €/kg",https://www.carrefour.es/supermercado/preparado-de-futas-variadas-desde-12-meses-sin-azucar-anadido-frutago-nutriben-sin-gluten-bolsita-de-90-gr-nutriben/R-prod550089/p
Bebe,Agua de colonia Gotas Fresca Baby Instituto Español 250 ml,"4,00 €","1,60 €/100ml",https://www.carrefour.es/supermercado/agua-de-colonia-gotas-fresca-baby-instituto-espanol-250-ml-gotas-frescas/R-801580443/p
Bebe,Papilla infantil desde 6 meses de 8 cereales integrales con miel sin azúcar añadido Nestlé Nestum sin aceite de palma 650 g.,"6,80 €","10,46 €/kg",https://www.carrefour.es/supermercado/papilla-infantil-desde-6-meses-de-8-cereales-integrales-con-miel-sin-azucar-anadido-nestle-nestum-sin-aceite-de-palma-650-g-nestle-nestum/R-prod670336/p
Bebe,Leche corporal de caléndula Weleda 200 ml.,"12,40 €","6,20 €/100ml",https://www.carrefour.es/supermercado/leche-corporal-de-calendula-weleda-200-ml-weleda/R-prod74266/p
Bebe,Galletas infantiles desde 8-10 meses con miel ecológicas ecológicas Nestlé Naturnes sin gluten 150 g.,"3,10 €","20,67 €/kg",https://www.carrefour.es/supermercado/galletas-infantiles-desde-8-10-meses-con-miel-ecologicas-ecologicas-nestle-naturnes-sin-gluten-150-g-nestle-naturnes/R-prod760347/p
Bebe,Bañador pañal desechable Huggies Little Swimmers T5 (12 kg-18 kg) 19 ud.,"9,50 €","0,50 €/ud",https://www.carrefour.es/supermercado/banador-panal-desechable-huggies-little-swimmers-t5-12-kg-18-kg-19-ud-huggies-little-swimmers/R-712515681/p
Bebe,Pack de Dos Tetinas para Líquidos más Espesos Philips Avent Classic+,"5,10 €","2,55 €/ud",https://www.carrefour.es/supermercado/pack-de-dos-tetinas-para-liquidos-mas-espesos-philips-avent-classic-avent/R-687104305/p
Bebe,Leche Hero Baby Nutrasense Premium 1 800gr,"11,75 €","14,69 €/kg",https://www.carrefour.es/supermercado/leche-hero-baby-nutrasense-premium-1-800gr-hero-baby/R-prod820285/p
Bebe,Loción corporal hidratante Hydra Bebé Mustela 300 ml.,"9,18 €","3,06 €/100ml",https://www.carrefour.es/supermercado/locion-corporal-hidratante-hydra-bebe-mustela-300-ml-mustela/R-590507890/p
Bebe,Discos de lactancia absorbentes Maternity 30 ud.,"4,60 €","0,15 €/ud",https://www.carrefour.es/supermercado/discos-de-lactancia-absorbentes-maternity-30-ud-maternity/R-590509808/p
Bebe,Complemento Alimenticio desde 12 meses sabor chocolate Pediasure 400 g.,"12,95 €","32,37 €/kg",https://www.carrefour.es/supermercado/complemento-alimenticio-desde-12-meses-sabor-chocolate-pediasure-400-g-pediasure/R-736424787/p
Bebe,Cucharas infantiles baby spoons Suavinex 2 ud.,"3,60 €","1,80 €/ud",https://www.carrefour.es/supermercado/cucharas-infantiles-baby-spoons-suavinex-2-ud-suavinex/R-590511110/p
Bebe,Discos de lactancia Suavinex 60 ud.,"9,20 €","0,15 €/ud",https://www.carrefour.es/supermercado/discos-de-lactancia-suavinex-60-ud-suavinex/R-590511112/p
Bebe,Leche infantil para lactantes desde el primer día en polvo Blemil Plus Optimum 1 lata 800 g.,"25,95 €","32,44 €/kg",https://www.carrefour.es/supermercado/leche-infantil-para-lactantes-desde-el-primer-dia-en-polvo-blemil-plus-optimum-1-lata-800-g-blemil-plus/R-prod930166/p
Bebe,Leche en Polvo AR Nidina 800gr,"19,20 €","24,00 €/kg",https://www.carrefour.es/supermercado/leche-en-polvo-ar-nidina-800gr-nestle-nidina/R-824405571/p
Bebe,Pants soft & eco-friendly ecológico My Carrefour Baby T4 (8-15 kg) 20 ud.,"6,10 €","0,30 €/ud",https://www.carrefour.es/supermercado/pants-soft-eco-friendly-ecologico-my-carrefour-baby-t4-8-15-kg-20-ud/R-VC4AECOMM-512789/p
Bebe,Leche infantil para lactantes anticólico Blemil Plus AC 800 g.,"25,10 €","31,37 €/kg",https://www.carrefour.es/supermercado/leche-infantil-para-lactantes-anticolico-blemil-plus-ac-800-g-blemil-plus/R-764119313/p
Bebe,Papilla infantil desde 5 meses de 8 cereales y yogur sin azúcar añadido Blevit plus 600 g.,"8,90 €","14,83 €/kg",https://www.carrefour.es/supermercado/papilla-infantil-desde-5-meses-de-8-cereales-y-yogur-sin-azucar-anadido-blevit-plus-600-g-blevit-plus-duplo/R-632001854/p
Bebe,Chupete de látex con tetina anatómica desde 12 meses Suavinex 2 ud.,"6,60 €","3,30 €/ud",https://www.carrefour.es/supermercado/chupete-de-latex-con-tetina-anatomica-desde-12-meses-suavinex-2-ud-suavinex/R-590505168/p
Bebe,Pasta al agua Eryplast 125 g.,"11,85 €","9,48 €/100g",https://www.carrefour.es/supermercado/pasta-al-agua-eryplast-125-g-lutsine/R-590509724/p
Bebe,Crema para proteger la zona del pañal Suavinex 75 ml.,"6,90 €","9,20 €/100ml",https://www.carrefour.es/supermercado/crema-para-proteger-la-zona-del-panal-suavinex-75-ml-suavinex/R-619902725/p
Bebe,"Preparado de manzana, plátano y avena desde 6 meses Nesté bolsita de 90 g.","1,00 €","11,11 €/kg",https://www.carrefour.es/supermercado/preparado-de-manzana-platano-y-avena-desde-6-meses-neste-bolsita-de-90-g-nestle/R-823705640/p
Bebe,Leche infantil de crecimiento en polvo Nan optipro 4 lata 800 gr,"13,05 €","16,31 €/kg",https://www.carrefour.es/supermercado/leche-infantil-de-crecimiento-en-polvo-nan-optipro-4-lata-800-gr-nestle-nan/R-713315714/p
Bebe,Preparado de fresa y plátano con yogur natural desde 12 meses Fruta&Go Nutriben bolsita de 90 gr,"1,27 €","14,11 €/kg",https://www.carrefour.es/supermercado/preparado-de-fresa-y-platano-con-yogur-natural-desde-12-meses-frutago-nutriben-bolsita-de-90-gr-nutriben/R-prod550091/p
Bebe,Tijeritas para bebé Nuk 1 ud.,"4,75 €","4,75 €/ud",https://www.carrefour.es/supermercado/tijeritas-para-bebe-nuk-1-ud-nuk/R-590508204/p
Bebe,Chupete anatómico de látex 6-18 meses Nuk Disney 2 ud.,"5,25 €","2,62 €/ud",https://www.carrefour.es/supermercado/chupete-anatomico-de-latex-6-18-meses-nuk-disney-2-ud-nuk/R-590501900/p
Bebe,Protector de cama DryNites 7 ud.,"6,80 €","0,97 €/ud",https://www.carrefour.es/supermercado/protector-de-cama-drynites-7-ud-drynites/R-529039444/p
Bebe,Toallitas húmedas refrescantes con aloe vera infaltiles Minions 15 ud.,"1,07 €","0,07 €/ud",https://www.carrefour.es/supermercado/toallitas-humedas-refrescantes-con-aloe-vera-infaltiles-minions-15-ud/R-prod221376/p
Bebe,Crema facial hidratante FP 15 para bebés Nutraisdin 50 ml.,"9,75 €","65,00 €/100ml",https://www.carrefour.es/supermercado/crema-facial-hidratante-fp-15-para-bebes-nutraisdin-50-ml-nutraisdin/R-609203562/p
Bebe,Papilla infantil desde 5 meses de 8 cereales integrales con miel Blevit plus Superfibra 600 g.,"7,70 €","12,83 €/kg",https://www.carrefour.es/supermercado/papilla-infantil-desde-5-meses-de-8-cereales-integrales-con-miel-blevit-plus-superfibra-600-g-blevit-plus-superfibra/R-618101742/p
Bebe,Crema protectora de rostro y cuerpo bio Corine de farme 100 ml,"4,15 €","4,15 €/100ml",https://www.carrefour.es/supermercado/crema-protectora-de-rostro-y-cuerpo-bio-corine-de-farme-100-ml-corine-de-farme/R-fprod1190764/p
Bebe,Leche infantil para lactantes desde el primer día Damira Natur 1 lata 800 g.,"21,00 €","2,62 €/100g",https://www.carrefour.es/supermercado/leche-infantil-para-lactantes-desde-el-primer-dia-damira-natur-1-lata-800-g/R-fprod1380200/p
Bebe,Papilla Infantil Blevit Plus Sin Gluten 600 gr,"7,70 €","12,83 €/kg",https://www.carrefour.es/supermercado/papilla-infantil-blevit-plus-sin-gluten-600-gr-blevit-plus/R-617101723/p
Bebe,Toallitas para bebé en caja Dodot Sensitive 54 ud.,"5,10 €","0,09 €/ud",https://www.carrefour.es/supermercado/toallitas-para-bebe-en-caja-dodot-sensitive-54-ud-dodot-sensitive/R-635101941/p
Bebe,Leche infantil para lactantes desde el primer día Nutriben Natal lata 800 g.,"19,20 €","24,00 €/kg",https://www.carrefour.es/supermercado/leche-infantil-para-lactantes-desde-el-primer-dia-nutriben-natal-lata-800-g-nutriben/R-804324088/p
Bebe,Pañales Dodot Azul Talla 3 (6-10 kg) 96 uds,"19,57 €","0,20 €/ud",https://www.carrefour.es/supermercado/panales-dodot-azul-talla-3-6-10-kg-96-uds-dodot/R-831627249/p
Bebe,Leche infantil desde los 6 meses en polvo Almirón Advance Digest 2 800 g.,"24,55 €","30,69 €/kg",https://www.carrefour.es/supermercado/leche-infantil-desde-los-6-meses-en-polvo-almiron-advance-digest-2-800-g-almiron/R-713315942/p
Bebe,Leche infantil para lactantes en polvo Almirón Advance 1 800 g.,"25,25 €","31,56 €/kg",https://www.carrefour.es/supermercado/leche-infantil-para-lactantes-en-polvo-almiron-advance-1-800-g-almiron/R-713315946/p
Bebe,Pañales premium Carrefour Baby ultra protect Talla 5 (11-25 kg) 72 ud.,"17,55 €","0,24 €/ud",https://www.carrefour.es/supermercado/panales-premium-carrefour-baby-ultra-protect-talla-5-11-25-kg-72-ud-carrefour-baby/R-prod980016/p
Bebe,Pañales Premium Carrefour Baby Ultra Protect Talla 4 (7-18 kg) 84 ud.,"17,55 €","0,21 €/ud",https://www.carrefour.es/supermercado/panales-premium-carrefour-baby-ultra-protect-talla-4-7-18-kg-84-ud-carrefour-baby/R-prod980023/p
Bebe,Preparado de pera y plátano desde 4 meses ecológico Nestlé Naturnes sin gluten bolsita de 90 g.,"1,06 €","11,78 €/kg",https://www.carrefour.es/supermercado/preparado-de-pera-y-platano-desde-4-meses-ecologico-nestle-naturnes-sin-gluten-bolsita-de-90-g-nestle-naturnes/R-prod760327/p
Bebe,Leche infantil para lactantes desde el primer día Enfamil Complete 800 g.,"22,80 €","28,50 €/kg",https://www.carrefour.es/supermercado/leche-infantil-para-lactantes-desde-el-primer-dia-enfamil-complete-800-g/R-fprod1410183/p
Bebe,Preparado de manzana y fresa Gogosqueez bolsita de 90 g.,"0,76 €","8,44 €/kg",https://www.carrefour.es/supermercado/preparado-de-manzana-y-fresa-gogosqueez-bolsita-de-90-g-gogosqueez/R-prod240189/p
Bebe,Leche Biológrica HiPP 2 600 gr,"15,70 €","26,17 €/kg",https://www.carrefour.es/supermercado/leche-biologrica-hipp-2-600-gr-hipp/R-590204307/p
Bebe,Crema cambio de pañal Corine de Farme 100 ml.,"3,90 €","3,90 €/100ml",https://www.carrefour.es/supermercado/crema-cambio-de-panal-corine-de-farme-100-ml-corine-de-farme/R-prod300444/p
Bebe,Leche infantil desde los 6 meses en polvo Almirón Advance AR 2 800 g.,"21,90 €","27,37 €/kg",https://www.carrefour.es/supermercado/leche-infantil-desde-los-6-meses-en-polvo-almiron-advance-ar-2-800-g-almiron/R-713315948/p
Bebe,Crema emoliente Stelatopia-Mustela 300 ml.,"17,90 €","5,97 €/100ml",https://www.carrefour.es/supermercado/crema-emoliente-stelatopia-mustela-300-ml-stelatopia-mustela/R-prod71289/p
Bebe,Pañales Dodot Pro Sensitive recién nacido T0 -3 kg 38 ud.,"8,05 €","0,21 €/ud",https://www.carrefour.es/supermercado/panales-dodot-pro-sensitive-recien-nacido-t0-3-kg-38-ud-dodot-sensitive/R-fprod1430154/p
Bebe,Papilla infantil desde 4 meses multicereales Damira sin gluten y sin lactosa 600 g.,"6,20 €","1,03 €/100g",https://www.carrefour.es/supermercado/papilla-infantil-desde-4-meses-multicereales-damira-sin-gluten-y-sin-lactosa-600-g-sanutri/R-590511138/p
Bebe,Leche infantil para lactantes desde el primer día Nestlé Nan Optipro 1 brik 200 ml.,"2,09 €","10,45 €/l",https://www.carrefour.es/supermercado/leche-infantil-para-lactantesdesde-el-primer-dia-nestle-nan-optipro-1-brik-200-ml-nestle/R-fprod1180041/p
Bebe,Papillas Nestum Expert Sinlac 250 gr,"3,70 €","14,80 €/kg",https://www.carrefour.es/supermercado/papillas-nestum-expert-sinlac-250-gr-nestle/R-640301831/p
Bebe,Pants Pull-Ups niña Huggies T4 (8-12 kg) 36 ud.,"11,20 €","0,31 €/ud",https://www.carrefour.es/supermercado/pants-pull-ups-nina-huggies-t4-8-12-kg-36-ud/R-VC4AECOMM-555585/p
Bebe,Leche infantil 5 cereales desde 12 meses Nestlé sin aceite de palma pack de 3 brik de 180 ml.,"2,10 €","3,89 €/l",https://www.carrefour.es/supermercado/leche-infantil-5-cereales-desde-12-meses-nestle-sin-aceite-de-palma-pack-de-3-brik-de-180-ml/R-VC4AECOMM-585475/p
Bebe,"Mochila de paseo bebe azul Nenuco: Leche hidratante 200 ml, colonia 200 ml, champú extra suevo 200 ml y gel de baño 200 ml","11,60 €","11,60 €/ud",https://www.carrefour.es/supermercado/mochila-de-paseo-bebe-azul-nenuco-leche-hidratante-200-ml-colonia-200-ml-champu-extra-suevo-200-ml-y-gel-de-bano-200-ml-nenuco/R-521009455/p
Bebe,Leche emoliente hidratante para piel sensible y seca My Carrefour Baby 500 ml.,"3,95 €","0,79 €/100ml",https://www.carrefour.es/supermercado/leche-emoliente-hidratante-para-piel-sensible-y-seca-my-carrefour-baby-500-ml/R-VC4AECOMM-446649/p
Bebe,Tarrito de verduras selectas con pollo desde 6 meses Nutriben Potitos Innova 235 g.,"2,15 €","9,15 €/kg",https://www.carrefour.es/supermercado/tarrito-de-verduras-selectas-con-pollo-desde-6-meses-nutriben-potitos-innova-235-g/R-VC4AECOMM-430969/p
Bebe,Agua de colonia para bebé Eau my BB 500 ml.,"8,15 €","1,63 €/100ml",https://www.carrefour.es/supermercado/agua-de-colonia-para-bebe-eau-my-bb-500-ml/R-VC4AECOMM-526224/p
Bebe,"Preparado de pera, plátano, naranja y galleta desde 6 meses Fruta & Go Nutriben bolsita de 90 gr","1,27 €","14,11 €/kg",https://www.carrefour.es/supermercado/preparado-de-pera-platano-naranja-y-galleta-desde-6-meses-fruta-go-nutriben-bolsita-de-90-gr-nutriben/R-prod550090/p
Bebe,Infusión instantánea para ayuda al descanso Almirón Digest 200 g.,"6,90 €","34,50 €/kg",https://www.carrefour.es/supermercado/infusion-instantanea-para-ayuda-al-descanso-almiron-digest-200-g-almiron/R-590511066/p
Bebe,Leche infantl antiregurgitación desde el primer día Blemil Plus 800 g.,"24,45 €","30,56 €/kg",https://www.carrefour.es/supermercado/leche-infantl-antiregurgitacion-desde-el-primer-dia-blemil-plus-800-g-blemil-plus/R-818300725/p
Bebe,Leche infantil de crecimiento desde 2 años en polvo Almirón Advance 4 800 g.,"14,20 €","17,75 €/kg",https://www.carrefour.es/supermercado/leche-infantil-de-crecimiento-desde-2-anos-en-polvo-almiron-advance-4-800-g-almiron/R-713315938/p
Bebe,Tetina de flujo rápido desde 6 meses Avent 2 ud.,"5,10 €","2,55 €/ud",https://www.carrefour.es/supermercado/tetina-de-flujo-rapido-desde-6-meses-avent-2-ud-avent/R-590508216/p
Bebe,Crema protectora Natusan 75 ml.,"6,80 €","9,07 €/100ml",https://www.carrefour.es/supermercado/crema-protectora-natusan-75-ml-natusan/R-852100370/p
Bebe,Chupete de silicona desde 12 meses rosa Phisyio Soft Chicco 2 ud.,"6,50 €","3,25 €/ud",https://www.carrefour.es/supermercado/chupete-de-silicona-desde-12-meses-rosa-phisyio-soft-chicco-2-ud-chicco/R-prod81266/p
Bebe,Bañador pañal desechable Huggies Little Swimmers T4 (7 kg-15 kg) 20 ud.,"9,50 €","0,47 €/ud",https://www.carrefour.es/supermercado/banador-panal-desechable-huggies-little-swimmers-t4-7-kg-15-kg-20-ud-huggies-little-swimmers/R-657701775/p
Bebe,Cadenita sujeta chupetes Nuk 1 ud.,"4,90 €","4,90 €/ud",https://www.carrefour.es/supermercado/cadenita-sujeta-chupetes-nuk-1-ud-nuk/R-590510482/p
Bebe,Tetina de látex anti-cólico flujo medio desde 6 meses Suavinex 2 ud.,"5,95 €","2,97 €/ud",https://www.carrefour.es/supermercado/tetina-de-latex-anti-colico-flujo-medio-desde-6-meses-suavinex-2-ud-suavinex/R-574801588/p
Bebe,Tetina de látex anti-cólico 3 posiciones desde 0 meses Suavinex 2 ud.,"5,95 €","2,97 €/ud",https://www.carrefour.es/supermercado/tetina-de-latex-anti-colico-3-posiciones-desde-0-meses-suavinex-2-ud-suavinex/R-574801592/p
Bebe,Papilla Infantil desde los 5 meses 5 cereales Blevit 250 g.,"5,70 €","22,80 €/kg",https://www.carrefour.es/supermercado/papilla-infantil-desde-los-5-meses-5-cereales-blevit-250-g-blevit-plus/R-fprod1420347/p
Bebe,Loción hidratante limpiadora desde el nacimiento Mustela 500 ml.,"12,40 €","2,48 €/100ml",https://www.carrefour.es/supermercado/locion-hidratante-limpiadora-desde-el-nacimiento-mustela-500-ml-mustela/R-590507884/p
Bebe,Agua de colonia fragancia suave y refrescante 250 ml.,"1,52 €","0,61 €/100ml",https://www.carrefour.es/supermercado/agua-de-colonia-fragancia-suave-y-refrescante-250-ml/R-VC4AECOMM-548287/p
Bebe,Leche Biológica 1 de Inicio HiPP +4Meses 600gr,"14,40 €","24,00 €/kg",https://www.carrefour.es/supermercado/leche-biologica-1-de-inicio-hipp-4meses-600gr-hipp/R-741800821/p
Bebe,Complemento Alimenticio desde 12 meses sabor fresa Pediasure 850 g.,"22,20 €","26,12 €/kg",https://www.carrefour.es/supermercado/complemento-alimenticio-desde-12-meses-sabor-fresa-pediasure-850-g-pediasure/R-735888946/p
Bebe,Complemento Alimenticio desde 12 meses sabor vainilla Pediasure 850gr,"22,20 €","26,12 €/kg",https://www.carrefour.es/supermercado/complemento-alimenticio-desde-12-meses-sabor-vainilla-pediasure-850gr-pediasure/R-736814094/p
Bebe,Complemento alimenticio de chocolate Pediasure Drink pack de 4 unidades de 200 ml.,"7,65 €","9,56 €/l",https://www.carrefour.es/supermercado/complemento-alimenticio-de-chocolate-pediasure-drink-pack-de-4-unidades-de-200-ml-pediasure/R-fprod1190059/p
Bebe,Leche infantil de crecimiento desde 12 meses en polvo Hero Baby Nutrasense lata 2x800 g.,"16,35 €","10,22 €/kg",https://www.carrefour.es/supermercado/leche-infantil-de-crecimiento-desde-12-meses-en-polvo-hero-baby-nutrasense-lata-2x800-g-hero-baby/R-fprod1280069/p
Bebe,Biberón con asas y boquilla antiderrame desde 6 meses Suavinex 150 ml.,"9,05 €","9,05 €/ud",https://www.carrefour.es/supermercado/biberon-con-asas-y-boquilla-antiderrame-desde-6-meses-suavinex-150-ml-suavinex/R-613402345/p
Bebe,Pañales Dodot Pro Sensitive recién nacido T2 (4 kg-8 Kg.) 36 ud.,"8,95 €","0,25 €/ud",https://www.carrefour.es/supermercado/panales-dodot-pro-sensitive-recien-nacido-t2-4-kg-8-kg-36-ud-dodot-sensitive/R-fprod1430156/p
Bebe,Pañales Dodot Pro Sensitive recién nacidoT1 (2 kg-5 kg.) 38 ud.,"8,90 €","0,23 €/ud",https://www.carrefour.es/supermercado/panales-dodot-pro-sensitive-recien-nacidot1-2-kg-5-kg-38-ud-dodot-sensitive/R-fprod1430153/p
Bebe,Papilla 5 Cereales desde 6 meses sin azúcar añadido Nutribén 600 gr.,"4,45 €","7,42 €/kg",https://www.carrefour.es/supermercado/papilla-5-cereales-desde-6-meses-sin-azucar-anadido-nutriben-600-gr-nutriben/R-590508546/p
Bebe,Crema antiestrías Suavinex 400 ml.,"20,50 €","5,12 €/100ml",https://www.carrefour.es/supermercado/crema-antiestrias-suavinex-400-ml-suavinex/R-618801977/p
Bebe,Crema para proteger la zona del pañal Leti AT4 75 g.,"8,50 €","11,33 €/100g",https://www.carrefour.es/supermercado/crema-para-proteger-la-zona-del-panal-leti-at4-75-g-leti-laboratorios/R-787575576/p
Bebe,Chupete tetina de látex fisiológica azul 2-4 meses Suavinex 1 ud.,"3,80 €","3,80 €/ud",https://www.carrefour.es/supermercado/chupete-tetina-de-latex-fisiologica-azul-2-4-meses-suavinex-1-ud-suavinex/R-590511908/p
Bebe,Infusión instantánea para aliviar gases Almirón Digest 200 g.,"6,90 €","34,50 €/kg",https://www.carrefour.es/supermercado/infusion-instantanea-para-aliviar-gases-almiron-digest-200-g-almiron/R-590511064/p
Bebe,Aspirador nasal Rihnomer Narhinel Confort 1 ud.,"12,95 €","12,95 €/ud",https://www.carrefour.es/supermercado/aspirador-nasal-rihnomer-narhinel-confort-1-ud-rhinomer/R-590504090/p
Bebe,Preparado de manzana y plátano Gogosqueez bolsita de 90 g.,"0,76 €","8,44 €/kg",https://www.carrefour.es/supermercado/preparado-de-manzana-y-platano-gogosqueez-bolsita-de-90-g-gogosqueez/R-prod230616/p
Bebe,Leche infantil de inicio para lactantes Blemil Plus Forte 1 lata 800 g.,"20,45 €","25,56 €/kg",https://www.carrefour.es/supermercado/leche-infantil-de-inicio-para-lactantes-blemil-plus-forte-1-lata-800-g-blemil-plus/R-657701727/p
Bebe,Chupete de silicona fisiológico desde 4 meses Suavinex 1 ud.,"4,15 €","4,15 €/ud",https://www.carrefour.es/supermercado/chupete-de-silicona-fisiologico-desde-4-meses-suavinex-1-ud-suavinex/R-prod72945/p
Bebe,Tetina de látex flujo denso desde 4 meses Suavinex 2 ud.,"5,95 €","2,97 €/ud",https://www.carrefour.es/supermercado/tetina-de-latex-flujo-denso-desde-4-meses-suavinex-2-ud-suavinex/R-590511892/p
Bebe,Aceite para el cuidado de la piel Bio-Oil 125 ml.,"16,65 €","13,32 €/100ml",https://www.carrefour.es/supermercado/aceite-para-el-cuidado-de-la-piel-bio-oil-125-ml-bio-oil/R-799397962/p
Bebe,"Bolsita de plátano, pera y naranja con avena ecológica Organix 100 g.","1,15 €","11,50 €/kg",https://www.carrefour.es/supermercado/bolsita-de-platano-pera-y-naranja-con-avena-ecologica-organix-100-g/R-VC4AECOMM-477591/p
Bebe,Exfoliante corporal de arroz y aceite de coco Body Natur 200 ml.,"5,25 €","2,62 €/100ml",https://www.carrefour.es/supermercado/exfoliante-corporal-de-arroz-y-aceite-de-coco-body-natur-200-ml/R-VC4AECOMM-484302/p
Bebe,Biberón con tetina anti-cólico 0-6 meses Nuk Disney 300 ml.,"8,05 €","8,05 €/ud",https://www.carrefour.es/supermercado/biberon-con-tetina-anti-colico-0-6-meses-nuk-disney-300-ml-nuk/R-590501902/p
Bebe,Leche infantil de crecimiento desde 12 meses Almirón Profutura 3 bote de 800 g.,"19,70 €","2,46 €/100g",https://www.carrefour.es/supermercado/leche-infantil-de-crecimiento-desde-12-meses-almiron-profutura-3-bote-de-800-g/R-VC4AECOMM-467192/p
Bebe,Pañales Bañador Carrefour Baby Talla 5 +12 kg 11 uds,"5,85 €","0,53 €/ud",https://www.carrefour.es/supermercado/panales-banador-carrefour-baby-talla-5-12-kg-11-uds-carrefour-baby/R-521036803/p
Bebe,Bañador pañal desechable Huggies Little Swimmers T3 (3 kg-8 kg) 20 ud.,"9,50 €","0,47 €/ud",https://www.carrefour.es/supermercado/banador-panal-desechable-huggies-little-swimmers-t3-3-kg-8-kg-20-ud-huggies-little-swimmers/R-712515565/p
Bebe,Chupete de látex anatómico 0-6 meses Nuk 2 ud.,"5,25 €","2,62 €/ud",https://www.carrefour.es/supermercado/chupete-de-latex-anatomico-0-6-meses-nuk-2-ud-nuk/R-590509828/p
Bebe,"Mochila de paseo bebe rosa Nenuco: Leche hidratante 200 ml, colonia 200 ml, champú extra suevo 200 ml y gel de baño 200 ml","11,60 €","11,60 €/ud",https://www.carrefour.es/supermercado/mochila-de-paseo-bebe-rosa-nenuco-leche-hidratante-200-ml-colonia-200-ml-champu-extra-suevo-200-ml-y-gel-de-bano-200-ml-nenuco/R-521002536/p
Bebe,Biberón de vidrio con tetina inclinada de silicona desde 0 meses Natural Feeling Chicco 250 ml.,"10,25 €","10,25 €/ud",https://www.carrefour.es/supermercado/biberon-de-vidrio-con-tetina-inclinada-de-silicona-desde-0-meses-natural-feeling-chicco-250-ml-chicco/R-prod430091/p
Bebe,Pack de Dos Tetinas de Silicona con Corte en Y +9 Meses Dr. Brown’s,"5,60 €","2,80 €/ud",https://www.carrefour.es/supermercado/pack-de-dos-tetinas-de-silicona-con-corte-en-y-9-meses-dr-browns-dr-browns/R-699308856/p
Bebe,Tetina de látex anticólico orificio medio Nuk 2 ud.,"5,65 €","2,82 €/ud",https://www.carrefour.es/supermercado/tetina-de-latex-anticolico-orificio-medio-nuk-2-ud-nuk/R-590509356/p
Bebe,Tetina de silicona flujo variable 3 posiciones desde 0 meses Suavinex 2 ud.,"6,20 €","3,10 €/ud",https://www.carrefour.es/supermercado/tetina-de-silicona-flujo-variable-3-posiciones-desde-0-meses-suavinex-2-ud-suavinex/R-819114944/p
Bebe,Crema corporal Natural Sensation Chicco 500 ml.,"9,75 €","1,95 €/100ml",https://www.carrefour.es/supermercado/crema-corporal-natural-sensation-chicco-500-ml-chicco/R-prod69028/p
Bebe,Biberón 240 ml de Boca Ancha Dr Brown,"10,25 €","10,25 €/ud",https://www.carrefour.es/supermercado/biberon-240-ml-de-boca-ancha-dr-brown-dr-browns/R-prod221154/p
Bebe,Acondicionador de coco para cabello normal ecológico Urtekram 180 ml.,"8,00 €","4,44 €/100ml",https://www.carrefour.es/supermercado/acondicionador-de-coco-para-cabello-normal-ecologico-urtekram-180-ml-urtekram/R-prod810806/p
Bebe,Leche infantil para lactantes desde el primer día anticólico y antiestreñimiento Damira lata 800 g.,"21,00 €","2,62 €/100g",https://www.carrefour.es/supermercado/leche-infantil-para-lactantes-desde-el-primer-dia-anticolico-y-antiestrenimiento-damira-lata-800-g-sanutri/R-613402253/p
Bebe,Tarrito de verduras con merluza desde 6 meses Be Plus 250 g.,"1,00 €","4,00 €/kg",https://www.carrefour.es/supermercado/tarrito-de-verduras-con-merluza-desde-6-meses-be-plus-250-g/R-VC4AECOMM-599235/p
Bebe,Papilla Infantil Blevit Plus 8 Cereales Miel 600 gr,"7,70 €","12,83 €/kg",https://www.carrefour.es/supermercado/papilla-infantil-blevit-plus-8-cereales-miel-600-gr-blevit-plus/R-617101719/p
Bebe,Pomada para proteger la zona del pañal Dermo H Halibut 45 g.,"5,90 €","13,11 €/100g",https://www.carrefour.es/supermercado/pomada-para-proteger-la-zona-del-panal-dermo-h-halibut-45-g-halibut/R-prod70604/p
Bebe,Leche infantil de crecimiento desde 12 meses Nutribén Pro+ 800 g.,"13,45 €","16,81 €/kg",https://www.carrefour.es/supermercado/leche-infantil-de-crecimiento-desde-12-meses-nutriben-pro-800-g-nutriben/R-804324058/p
Bebe,Leche infantil para lactantes desde el primer día en polvo Almirón Advance bote de 400 g.,"11,30 €","28,25 €/kg",https://www.carrefour.es/supermercado/leche-infantil-para-lactantes-desde-el-primer-dia-en-polvo-almiron-advance-bote-de-400-g-almiron/R-prod301563/p
Bebe,Crema protectora contra irritaciones Johnson's Baby 100 ml.,"3,25 €","3,25 €/100ml",https://www.carrefour.es/supermercado/crema-protectora-contra-irritaciones-johnsons-baby-100-ml-johnsons-baby/R-521002520/p
Bebe,Leche infantil de continuación desde 6 meses Nestlé Nan Optipro 2 brik 500 ml.,"2,30 €","4,60 €/l",https://www.carrefour.es/supermercado/leche-infantil-de-continuacion-desde-6-meses-nestle-nan-optipro-2-brik-500-ml-nestle/R-fprod1180044/p
Bebe,Colonia para bebe fragancia original Nenuco 200 ml.,"5,85 €","2,92 €/100ml",https://www.carrefour.es/supermercado/colonia-para-bebe-fragancia-original-nenuco-200-ml-nenuco/R-521036836/p
Bebe,Tetina suave de flujo variable desde 3 meses Avent 2 ud.,"5,10 €","5,10 €/ud",https://www.carrefour.es/supermercado/tetina-suave-de-flujo-variable-desde-3-meses-avent-2-ud-avent/R-590508218/p
Bebe,Biberón con tetina redonda de silicona 3 posiciones desde 0 meses Suavinex 270 ml.,"10,30 €","10,30 €/ud",https://www.carrefour.es/supermercado/biberon-con-tetina-redonda-de-silicona-3-posiciones-desde-0-meses-suavinex-270-ml-suavinex/R-prod180388/p
Bebe,Biberón con tetina redonda de silicona 3 posiciones desde 0 meses Suavinex 150 ml. 1 ud.,"10,00 €","10,00 €/ud",https://www.carrefour.es/supermercado/biberon-con-tetina-redonda-de-silicona-3-posiciones-desde-0-meses-suavinex-150-ml-1-ud-suavinex/R-prod212263/p
Bebe,Broche pinza redondo Suavinex 1 ud.,"4,90 €","4,90 €/ud",https://www.carrefour.es/supermercado/broche-pinza-redondo-suavinex-1-ud-suavinex/R-590502500/p
Bebe,Pack de Dos Tetinas de Silicona Nivel 3 +6 meses Dr. Brown's,"5,60 €","2,80 €/ud",https://www.carrefour.es/supermercado/pack-de-dos-tetinas-de-silicona-nivel-3-6-meses-dr-browns-dr-browns/R-699308854/p
Bebe,Pañales Dodot Sensitive T3 (6-10 Kg) 56 ud.,"18,95 €","0,34 €/ud",https://www.carrefour.es/supermercado/panales-dodot-sensitive-t3-6-10-kg-56-ud/R-VC4AECOMM-465362/p
Bebe,Loción hidratante limpiadora desde el nacimiento Mustela 750 ml.,"13,55 €","1,81 €/100ml",https://www.carrefour.es/supermercado/locion-hidratante-limpiadora-desde-el-nacimiento-mustela-750-ml-mustela/R-590507886/p
Bebe,Aceite puro de rosa mosqueta Repavar Ferrer 15 ml.,"10,80 €","72,00 €/100ml",https://www.carrefour.es/supermercado/aceite-puro-de-rosa-mosqueta-repavar-ferrer-15-ml-ferrer/R-590508912/p
Bebe,Biberón con tentina de látex plujo papilla desde 4 meses Suavinex 360 ml.,"7,90 €","7,90 €/ud",https://www.carrefour.es/supermercado/biberon-con-tentina-de-latex-plujo-papilla-desde-4-meses-suavinex-360-ml-suavinex/R-619501544/p
Bebe,Tetina de látex flujo variable 3 posiciones desde 0 meses Suavinex 2 ud.,"5,95 €","2,97 €/ud",https://www.carrefour.es/supermercado/tetina-de-latex-flujo-variable-3-posiciones-desde-0-meses-suavinex-2-ud-suavinex/R-590511894/p
Bebe,Complemento alimenticio de vainilla en polvo Pediasure 400 g.,"12,95 €","32,37 €/kg",https://www.carrefour.es/supermercado/complemento-alimenticio-de-vainilla-en-polvo-pediasure-400-g-pediasure/R-792556701/p
Bebe,Biberón con tetina de látex anatómica flujo denso desde 6 meses Suavinex 360 ml.,"7,90 €","7,90 €/ud",https://www.carrefour.es/supermercado/biberon-con-tetina-de-latex-anatomica-flujo-denso-desde-6-meses-suavinex-360-ml-suavinex/R-574801610/p
Bebe,Leche Hero Baby Nutrasense 3 800 gr,"8,95 €","11,19 €/kg",https://www.carrefour.es/supermercado/leche-hero-baby-nutrasense-3-800-gr-hero-baby/R-788499193/p
Bebe,Biberón con tetina anti-cólico 0-6 meses Nuk Disney 150 ml.,"7,15 €","7,15 €/ud",https://www.carrefour.es/supermercado/biberon-con-tetina-anti-colico-0-6-meses-nuk-disney-150-ml-nuk/R-590501894/p
Bebe,Pañales Premium Carrefour Baby Ultra Protect Talla 3 (4-9 kg) 92 ud.,"17,55 €","0,19 €/ud",https://www.carrefour.es/supermercado/panales-premium-carrefour-baby-ultra-protect-talla-3-4-9-kg-92-ud-carrefour-baby/R-prod980011/p
Bebe,Cadenita sujeta chupetes Disney Nuk 1 ud.,"4,90 €","4,90 €/ud",https://www.carrefour.es/supermercado/cadenita-sujeta-chupetes-disney-nuk-1-ud-nuk/R-590502654/p
Bebe,Champú Sin Lágrimas Natural Sensation Chicco 500 ml.,"7,70 €","1,54 €/100ml",https://www.carrefour.es/supermercado/champu-sin-lagrimas-natural-sensation-chicco-500-ml-chicco/R-prod70906/p
Bebe,Leche infantil de continuación desde 6 meses Almirón Advance Prosyneo 2 800 g.,"22,00 €","27,50 €/kg",https://www.carrefour.es/supermercado/leche-infantil-de-continuacion-desde-6-meses-almiron-advance-prosyneo-2-800-g-almiron/R-prod860717/p
Bebe,Agua de colonia bebe en spray Eau my BB 150 ml.,"8,15 €","5,43 €/100ml",https://www.carrefour.es/supermercado/agua-de-colonia-bebe-en-spray-eau-my-bb-150-ml/R-VC4AECOMM-526209/p
Bebe,Tetina de flujo medio desde 3 meses Avent 2 ud.,"5,10 €","2,55 €/ud",https://www.carrefour.es/supermercado/tetina-de-flujo-medio-desde-3-meses-avent-2-ud-avent/R-590508214/p
Bebe,Pants Huggies Pull-Ups niño T4 (8-12 kg) 36 ud.,"11,20 €","0,31 €/ud",https://www.carrefour.es/supermercado/pants-huggies-pull-ups-nino-t4-8-12-kg-36-ud/R-VC4AECOMM-555594/p
Bebe,Chupete tetina de látex anatómica 6-18 meses Nuk 2 ud.,"5,25 €","2,62 €/ud",https://www.carrefour.es/supermercado/chupete-tetina-de-latex-anatomica-6-18-meses-nuk-2-ud-nuk/R-627307032/p
Bebe,Biberón con tetina redonda de silicona flujo papilla desde 4 meses Suavinex 360 ml. 1 ud.,"11,25 €","11,25 €/ud",https://www.carrefour.es/supermercado/biberon-con-tetina-redonda-de-silicona-flujo-papilla-desde-4-meses-suavinex-360-ml-1-ud-suavinex/R-prod270970/p
Bebe,Tetina de silicona boca ancha desde 3 meses Dr. Brown´s 2 ud.,"5,60 €","2,80 €/ud",https://www.carrefour.es/supermercado/tetina-de-silicona-boca-ancha-desde-3-meses-dr-browns-2-ud-dr-browns/R-699308852/p
Bebe,Broche pinza ovalada para bebé Suavinex 1 ud.,"4,90 €","4,90 €/ud",https://www.carrefour.es/supermercado/broche-pinza-ovalada-para-bebe-suavinex-1-ud-suavinex/R-590511914/p
Bebe,Chupete tetina de látex anatómico desde 12 meses Chicco 2 ud.,"4,65 €","4,65 €/ud",https://www.carrefour.es/supermercado/chupete-tetina-de-latex-anatomico-desde-12-meses-chicco-2-ud-chicco/R-prod430090/p
Bebe,Biberón 240 ml de Boca Ancha Dr Brown,"10,25 €","10,25 €/ud",https://www.carrefour.es/supermercado/biberon-240-ml-de-boca-ancha-dr-brown-dr-browns/R-prod230751/p
Bebe,Biberón con tetina de látex 3 posiciones desde 0 meses Suavinex 270 ml.,"8,05 €","8,05 €/ud",https://www.carrefour.es/supermercado/biberon-con-tetina-de-latex-3-posiciones-desde-0-meses-suavinex-270-ml-suavinex/R-627801638/p
Bebe,Complemento alimenticio de vainilla Pediasure Drink pack de 4 unidades de 200 ml.,"7,65 €","9,56 €/l",https://www.carrefour.es/supermercado/complemento-alimenticio-de-vainilla-pediasure-drink-pack-de-4-unidades-de-200-ml-pediasure/R-fprod1190061/p
Bebe,Chupete anatómico de látex desde 12 meses Suavinex 2 ud.,"6,60 €","3,30 €/ud",https://www.carrefour.es/supermercado/chupete-anatomico-de-latex-desde-12-meses-suavinex-2-ud-suavinex/R-663301851/p
Bebe,Leche infantil de crecimiento desde 1 año Damira natur 3 lata 800 g.,"16,40 €","2,05 €/100g",https://www.carrefour.es/supermercado/leche-infantil-de-crecimiento-desde-1-ano-damira-natur-3-lata-800-g/R-fprod1380197/p
Bebe,Exfoliante corporal frutos rojos granada y fruta del dragón Body Natur 200 ml.,"5,25 €","2,62 €/100ml",https://www.carrefour.es/supermercado/exfoliante-corporal-frutos-rojos-granada-y-fruta-del-dragon-body-natur-200-ml/R-VC4AECOMM-484382/p
Bebe,Gel de ducha y champú para bebé Eau my BB 500 ml.,"8,15 €","1,63 €/100ml",https://www.carrefour.es/supermercado/gel-de-ducha-y-champu-para-bebe-eau-my-bb-500-ml/R-VC4AECOMM-526202/p
Bebe,"Envase aséptico para orina, heces o esputos Enfa 1 ud.","0,60 €","0,60 €/ud",https://www.carrefour.es/supermercado/envase-aseptico-para-orina-heces-o-esputos-enfa-1-ud-enfa/R-590508656/p
Bebe,Silicio sabor limón ecológico Sanon 500 ml.,"8,35 €","1,67 €/100ml",https://www.carrefour.es/supermercado/silicio-sabor-limon-ecologico-sanon-500-ml/R-VC4AECOMM-563621/p
Bebe,Leche infantil de crecimiento 3 desde 12 meses ecológica HiPP brik 500 g.,"11,75 €","23,50 €/kg",https://www.carrefour.es/supermercado/leche-infantil-de-crecimiento-3-desde-12-meses-ecologica-hipp-brik-500-g-hipp/R-741800815/p
Bebe,Leche infantil para lactantes con regurgitaciones Nan Expert AR lata 800 g.,"23,30 €","29,12 €/kg",https://www.carrefour.es/supermercado/leche-infantil-para-lactantes-con-regurgitaciones-nan-expert-ar-lata-800-g-nestle-nan/R-661402590/p
Bebe,Leche infantil de inicio para lactantes Almirón Advance Prosyneo 1 800 g.,"24,45 €","30,56 €/kg",https://www.carrefour.es/supermercado/leche-infantil-de-inicio-para-lactantes-almiron-advance-prosyneo-1-800-g-almiron/R-prod860728/p
Bebe,Sacaleches manual Chicco 1 ud.,"35,00 €","35,00 €/ud",https://www.carrefour.es/supermercado/sacaleches-manual-chicco-1-ud-chicco/R-764905839/p
Bebe,Aceite Rosa Mosqueta Advance Repavar 15ml,"17,40 €","116,00 €/100ml",https://www.carrefour.es/supermercado/aceite-rosa-mosqueta-advance-repavar-15ml-ferrer/R-prod71373/p
Bebe,Pañales Chelino Nature T2 (3-6 kg) bio 28 ud.,"6,20 €","0,22 €/ud",https://www.carrefour.es/supermercado/panales-chelino-nature-t2-3-6-kg-bio-28-ud/R-VC4AECOMM-547189/p
Bebe,Pañales Chelino Nature T4 (9-15 kg) bio 34 ud.,"8,20 €","0,24 €/ud",https://www.carrefour.es/supermercado/panales-chelino-nature-t4-9-15-kg-bio-34-ud/R-VC4AECOMM-547195/p
Bebe,Pañales Chelino Nature T3 (4-10 kg) bio 36 ud.,"8,20 €","0,23 €/ud",https://www.carrefour.es/supermercado/panales-chelino-nature-t3-4-10-kg-bio-36-ud/R-VC4AECOMM-547196/p
Bebe,Pañales Chelino Nature T1 (1-3 kg) bio 28 ud.,"8,75 €","0,31 €/ud",https://www.carrefour.es/supermercado/panales-chelino-nature-t1-1-3-kg-bio-28-ud/R-VC4AECOMM-547198/p
Bebe,Tetina flujo recién nacido Avent 2 ud.,"5,10 €","2,55 €/ud",https://www.carrefour.es/supermercado/tetina-flujo-recien-nacido-avent-2-ud-avent/R-590508210/p
Bebe,Tetina de flujo lento desde 1 mes Avent 2 ud.,"5,10 €","2,55 €/ud",https://www.carrefour.es/supermercado/tetina-de-flujo-lento-desde-1-mes-avent-2-ud-avent/R-590508212/p
Bebe,Biberón con tetina de silicona anti-cólico desde 6 meses Chicco 330 ml.,"7,90 €","7,90 €/ud",https://www.carrefour.es/supermercado/biberon-con-tetina-de-silicona-anti-colico-desde-6-meses-chicco-330-ml-chicco/R-831313812/p
Bebe,Tetina redonda de silicona flujo papilla desde 4 meses Suavinex pack de 2 unidades.,"7,05 €","3,52 €/ud",https://www.carrefour.es/supermercado/tetina-redonda-de-silicona-flujo-papilla-desde-4-meses-suavinex-pack-de-2-unidades-suavinex/R-prod224591/p
Bebe,Biberón 120 ml de Boca Ancha Dr Brown,"10,25 €","10,25 €/ud",https://www.carrefour.es/supermercado/biberon-120-ml-de-boca-ancha-dr-brown-dr-browns/R-699205566/p
Bebe,Biberón 240 ml de Boca Ancha Dr Brown,"10,25 €","10,25 €/ud",https://www.carrefour.es/supermercado/biberon-240-ml-de-boca-ancha-dr-brown-dr-browns/R-699308848/p
Bebe,Set de baño inicio Natural Sensation Chicco 1 ud.,"15,95 €","35,44 €/kg",https://www.carrefour.es/supermercado/set-de-bano-inicio-natural-sensation-chicco-1-ud/R-VC4AECOMM-478334/p
Bebe,Pañales Chelino T2 (3-6 kg) 28 ud.,"6,25 €","0,22 €/ud",https://www.carrefour.es/supermercado/panales-chelino-t2-3-6-kg-28-ud/R-VC4AECOMM-547194/p
Bebe,Tetina anti-cólico flujo medio 0-6 meses Nuk 2 ud.,"5,65 €","2,82 €/ud",https://www.carrefour.es/supermercado/tetina-anti-colico-flujo-medio-0-6-meses-nuk-2-ud-nuk/R-590509352/p
Bebe,Papilla infantil desde 6 meses multicereales ecológico Almirón sin aceite de palma 200 g.,"4,05 €","20,25 €/kg",https://www.carrefour.es/supermercado/papilla-infantil-desde-6-meses-multicereales-ecologico-almiron-sin-aceite-de-palma-200-g/R-VC4AECOMM-619970/p
Bebe,Papilla infantil desde 6 meses multicereales con quinoa ecológico Almirón sin aceite de palma 200 g.,"4,05 €","20,25 €/kg",https://www.carrefour.es/supermercado/papilla-infantil-desde-6-meses-multicereales-con-quinoa-ecologico-almiron-sin-aceite-de-palma-200-g/R-VC4AECOMM-619974/p
Bebe,Biberón con tetina inclinada de silicona desde 2 meses Natural Feeling Chicco 250 ml.,"8,70 €","8,70 €/ud",https://www.carrefour.es/supermercado/biberon-con-tetina-inclinada-de-silicona-desde-2-meses-natural-feeling-chicco-250-ml-chicco/R-prod430088/p
Bebe,Chupete tetina de silicona 0-4 meses premium Suavinex 1 ud.,"4,15 €","4,15 €/ud",https://www.carrefour.es/supermercado/chupete-tetina-de-silicona-0-4-meses-premium-suavinex-1-ud-suavinex/R-790114437/p
Bebe,Gel-champú relajante Baby Care ecológico Elifexir 500 ml,"14,30 €","2,86 €/100ml",https://www.carrefour.es/supermercado/gel-champu-relajante-baby-care-ecologico-elifexir-500-ml-elifexir/R-prod81551/p
Bebe,Crema solar bebé SPF 50+ ecológica Acorelle 50 ml.,"18,80 €","37,60 €/100ml",https://www.carrefour.es/supermercado/crema-solar-bebe-spf-50-ecologica-acorelle-50-ml-acorelle/R-prod81567/p
Bebe,Biberón con tetina de látex anatómica flujo medio 0-6 meses Suavinex 270 ml.,"8,05 €","8,05 €/ud",https://www.carrefour.es/supermercado/biberon-con-tetina-de-latex-anatomica-flujo-medio-0-6-meses-suavinex-270-ml-suavinex/R-574801606/p
Bebe,Aceite para el cuidado de la piel Bio-Oil 60 ml.,"9,60 €","16,00 €/100ml",https://www.carrefour.es/supermercado/aceite-para-el-cuidado-de-la-piel-bio-oil-60-ml-bio-oil/R-699408484/p
Bebe,Tetina flujo Silicona Chicco 2 ud.,"8,75 €","4,37 €/ud",https://www.carrefour.es/supermercado/tetina-flujo-silicona-chicco-2-ud/R-VC4AECOMM-478329/p
Bebe,Loción hidratante para bebé Eau my BB 500 ml.,"10,30 €","2,06 €/100ml",https://www.carrefour.es/supermercado/locion-hidratante-para-bebe-eau-my-bb-500-ml/R-VC4AECOMM-526221/p
Bebe,Toallitas para bebé con aloe vera Carrefour pack de 3 paquetes de 80 ud.,"2,85 €","0,01 €/ud",https://www.carrefour.es/supermercado/toallitas-para-bebe-con-aloe-vera-carrefour-pack-de-3-paquetes-de-80-ud-carrefour/R-prod1170077/p
Bebe,Pañales Dodot Activity Extra Tecnología Canal Talla 5 (12-17 kg) 48 uds,"22,45 €","0,47 €/ud",https://www.carrefour.es/supermercado/panales-dodot-activity-extra-tecnologia-canal-talla-5-12-17-kg-48-uds-dodot-activity-extra/R-829518873/p
Bebe,Champú dosificador Johnson's Baby 750 ml.,"3,85 €","0,51 €/100ml",https://www.carrefour.es/supermercado/champu-dosificador-johnsons-baby-750-ml-johnsons-baby/R-prod1120668/p
Bebe,Tarrito de crema de calabacín con Jamón y Quesito desde 6 meses Hero Baby Cocina Mediterránea pack de 2 unidades de 190 g.,"2,09 €","5,50 €/kg",https://www.carrefour.es/supermercado/tarrito-de-crema-de-calabacin-con-jamon-y-quesito-desde-6-meses-hero-baby-cocina-mediterranea-pack-de-2-unidades-de-190-g-hero-baby-cocina-mediterranea/R-712515465/p
Bebe,Tarrito de pera y manzana desde 4 meses ecológico Hero Baby Solo 120 g.,"1,00 €","8,33 €/kg",https://www.carrefour.es/supermercado/tarrito-de-pera-y-manzana-desde-4-meses-ecologico-hero-baby-solo-120-g-hero-baby-solo/R-833209547/p
Bebe,Tarritos Buenas Noches Verdura con Pescadilla a la Crema Hero Baby 6x190 grs,"5,52 €","4,60 €/kg",https://www.carrefour.es/supermercado/tarritos-buenas-noches-verdura-con-pescadilla-a-la-crema-hero-baby-6x190-grs-hero-babynoches/R-614101837/p
Bebe,Tarrito de guiso de alubias desde 8 meses ecológico Smileat sin gluten 230 g.,"2,09 €","9,09 €/kg",https://www.carrefour.es/supermercado/tarrito-de-guiso-de-alubias-desde-8-meses-ecologico-smileat-sin-gluten-230-g-smileat/R-prod780111/p
Bebe,Tarrito de pollo con arroz desde 6 meses Hero Baby 235 g.,"0,99 €","4,21 €/kg",https://www.carrefour.es/supermercado/tarrito-de-pollo-con-arroz-desde-6-meses-hero-baby-235-g-hero-baby/R-521033514/p
Bebe,Gel-Champú ecológico Denenes Naturals 400 ml.,"4,20 €","1,05 €/100ml",https://www.carrefour.es/supermercado/gel-champu-ecologico-denenes-naturals-400-ml-denenes/R-fprod1180188/p
Bebe,Pants My Carrefour Baby T5 (12-18 kg.) 40 ud.,"11,70 €","0,29 €/ud",https://www.carrefour.es/supermercado/pants-my-carrefour-baby-t5-12-18-kg-40-ud/R-VC4AECOMM-523683/p
Bebe,Toallitas húmedas Chicco pack 2 unidades de 72 Ud.,"4,05 €","0,03 €/ud",https://www.carrefour.es/supermercado/toallitas-humedas-chicco-pack-2-unidades-de-72-ud-chicco/R-prod65438/p
Bebe,Leche Hero Baby Nutrasense Premium 2 800gr,"10,25 €","12,81 €/kg",https://www.carrefour.es/supermercado/leche-hero-baby-nutrasense-premium-2-800gr-hero-baby/R-prod820252/p
Bebe,Pants My Carrefour Baby T6 (+16 kg) 72 ud.,"19,15 €","0,27 €/ud",https://www.carrefour.es/supermercado/pants-my-carrefour-baby-t6-16-kg-72-ud/R-VC4AECOMM-567948/p
Bebe,Leche Hero Baby Nutrasense Premium 3 800gr,"10,25 €","12,81 €/kg",https://www.carrefour.es/supermercado/leche-hero-baby-nutrasense-premium-3-800gr-hero-baby/R-prod820289/p
Bebe,Papilla 8 Cereales desde 6 meses sin azúcar añadido Nutribén 600 gr,"4,45 €","7,42 €/kg",https://www.carrefour.es/supermercado/papilla-8-cereales-desde-6-meses-sin-azucar-anadido-nutriben-600-gr-nutriben/R-590511058/p
Bebe,Leche hidratante con caléndula Corine de Farme 500 ml.,"3,50 €","0,70 €/100ml",https://www.carrefour.es/supermercado/leche-hidratante-con-calendula-corine-de-farme-500-ml-corine-de-farme/R-698405563/p
Bebe,Leche Infantil NIDINA 2 PREMIUM (2x800G),"22,90 €","14,31 €/kg",https://www.carrefour.es/supermercado/leche-infantil-nidina-2-premium-2x800g-nestle-nidina/R-prod393240/p
Limpieza y hogar,Set de 36 Pinzas de madera para la ropa TARRES 7cm x 16cm x 5cm - Madera,"1,99 €","0,06 €/ud",https://www.carrefour.es/supermercado/set-de-36-pinzas-de-madera-para-la-ropa-tarres-7cm-x-16cm-x-5cm-madera-mondex/R-prod280840/p
Limpieza y hogar,Set de Servilletas 1 capa de Celulosa RENOVA 200 200pz - Blancas,"0,92 €","0,92 €/ud",https://www.carrefour.es/supermercado/set-de-servilletas-1-capa-de-celulosa-renova-200-200pz-blancas-renova/R-650901910/p
Limpieza y hogar,Papel de cocina resistente Maxi Roll Carrefour 1 rollo.,"2,50 €","2,50 €/ud",https://www.carrefour.es/supermercado/papel-de-cocina-resistente-maxi-roll-carrefour-1-rollo-carrefour/R-prod590603/p
Limpieza y hogar,Papel higiénico confort suave Carrefour 12 rollos.,"2,05 €","0,17 €/ud",https://www.carrefour.es/supermercado/papel-higienico-confort-suave-carrefour-12-rollos-carrefour/R-816215725/p
Limpieza y hogar,Papel de cocina Carrefour 4 rollos.,"1,70 €","0,42 €/ud",https://www.carrefour.es/supermercado/papel-de-cocina-carrefour-4-rollos-carrefour/R-829731740/p
Limpieza y hogar,Detergente líquido jabón de marsella y flor de naranjo Carrefour 75 lavados.,"5,15 €","0,07 €/lavado",https://www.carrefour.es/supermercado/detergente-liquido-jabon-de-marsella-y-flor-de-naranjo-carrefour-75-lavados/R-VC4AECOMM-496272/p
Limpieza y hogar,Papel de cocina doble capa 4 ud.,"1,06 €","0,26 €/ud",https://www.carrefour.es/supermercado/papel-de-cocina-doble-capa-4-ud-carrefour/R-prod460754/p
Limpieza y hogar,Detergente líquido con jabón de Marsella y flor de naranjo Carrefour 40 lavados.,"2,75 €","0,07 €/lavado",https://www.carrefour.es/supermercado/detergente-liquido-con-jabon-de-marsella-y-flor-de-naranjo-carrefour-40-lavados-carrefour/R-prod620138/p
Limpieza y hogar,Bolsas de Basura CARREFOUR Lavanda de 30l 20 ud - Lila,"1,40 €","0,07 €/ud",https://www.carrefour.es/supermercado/bolsas-de-basura-carrefour-lavanda-de-30l-20-ud-lila/R-VC4AECOMM-448062/p
Limpieza y hogar,Papel higiénico Original Scottex 40 rollos.,"10,35 €","0,26 €/ud",https://www.carrefour.es/supermercado/papel-higienico-original-scottex-40-rollos-scottex/R-767508498/p
Limpieza y hogar,Lejía con detergente limón Especial Cocinas Carrefour 2 l.,"0,99 €","0,49 €/l",https://www.carrefour.es/supermercado/lejia-con-detergente-limon-especial-cocinas-carrefour-2-l-carrefour/R-798285180/p
Limpieza y hogar,Papel de cocina resistente Jumbo Roll Carrefour 1 rollo.,"2,80 €","2,80 €/ud",https://www.carrefour.es/supermercado/papel-de-cocina-resistente-jumbo-roll-carrefour-1-rollo-carrefour/R-prod590663/p
Limpieza y hogar,30 Bolsas Basura CARREFOUR Papelera 10 Litros - Blanco,"0,99 €","0,03 €/ud",https://www.carrefour.es/supermercado/30-bolsas-basura-carrefour-papelera-10-litros-blanco-carrefour/R-prod280389/p
Limpieza y hogar,"Limpiahogar con Oxígeno Activo Sanytol 1,2 L","2,75 €","2,29 €/l",https://www.carrefour.es/supermercado/limpiahogar-con-oxigeno-activo-sanytol-1-2-l-sanytol/R-526423804/p
Limpieza y hogar,Papel de horno en hojas Carrefour 20 ud.,"1,25 €","1,25 €/ud",https://www.carrefour.es/supermercado/papel-de-horno-en-hojas-carrefour-20-ud-carrefour/R-prod393045/p
Limpieza y hogar,Papel de aluminio Carrefour 30 metros.,"1,45 €","0,05 €/m",https://www.carrefour.es/supermercado/papel-de-aluminio-carrefour-30-metros-carrefour/R-713315898/p
Limpieza y hogar,Servilletas 2 capas de Celulosa CARREFOUR HOME 100 ud - Blanco,"1,10 €","1,10 €/ud",https://www.carrefour.es/supermercado/servilletas-2-capas-de-celulosa-carrefour-home-100-ud-blanco-carrefour-home/R-prod520206/p
Limpieza y hogar,Detergente líquido Actilift Ariel 50 lavados.,"13,95 €","0,28 €/lavado",https://www.carrefour.es/supermercado/detergente-liquido-actilift-ariel-50-lavados-ariel/R-546306380/p
Limpieza y hogar,Pañuelo mini Carrefour 15 ud.,"0,99 €","0,07 €/ud",https://www.carrefour.es/supermercado/panuelo-mini-carrefour-15-ud-carrefour/R-750302845/p
Limpieza y hogar,Lejía perfumada con detergente Frescor Marino Carrefour 5 l.,"1,72 €","0,34 €/l",https://www.carrefour.es/supermercado/lejia-perfumada-con-detergente-frescor-marino-carrefour-5-l-carrefour/R-863606168/p
Limpieza y hogar,Papel higiénico compact doble rollo Carrefour 32 rollos.,"9,85 €","0,31 €/ud",https://www.carrefour.es/supermercado/papel-higienico-compact-doble-rollo-carrefour-32-rollos-carrefour/R-521015322/p
Limpieza y hogar,"Amoniaco perfumado Carrefour 1,5 l.","0,59 €","0,39 €/l",https://www.carrefour.es/supermercado/amoniaco-perfumado-carrefour-1-5-l-carrefour/R-848100443/p
Limpieza y hogar,Limpiador con lejía y detergente perfume eucalipto Carrefour 2 l.,"0,76 €","0,38 €/l",https://www.carrefour.es/supermercado/limpiador-con-lejia-y-detergente-perfume-eucalipto-carrefour-2-l-carrefour/R-521008058/p
Limpieza y hogar,3 Estropajos salvauñas Carrefour - Verde,"0,75 €","0,25 €/ud",https://www.carrefour.es/supermercado/3-estropajos-salvaunas-carrefour-verde-carrefour/R-609800884/p
Limpieza y hogar,Papel higiénico compact doble rollo Carrefour 24 rollos.,"7,31 €","0,30 €/ud",https://www.carrefour.es/supermercado/papel-higienico-compact-doble-rollo-carrefour-24-rollos-carrefour/R-521001161/p
Limpieza y hogar,Servilletas 2 capas de Celulosa CARREFOUR HOME 200 ud - Blanco,"1,99 €","1,99 €/ud",https://www.carrefour.es/supermercado/servilletas-2-capas-de-celulosa-carrefour-home-200-ud-blanco-carrefour-home/R-prod520209/p
Limpieza y hogar,Lavavajillas a mano power clean Carrefour 1 l.,"1,39 €","1,39 €/l",https://www.carrefour.es/supermercado/lavavajillas-a-mano-power-clean-carrefour-1-l-carrefour/R-864105609/p
Limpieza y hogar,Film transparente con sierra de corte Carrefour 60 metros.,"0,78 €","0,01 €/m",https://www.carrefour.es/supermercado/film-transparente-con-sierra-de-corte-carrefour-60-metros-carrefour/R-prod392791/p
Limpieza y hogar,Tissues classic 3 capas Carrefour 110 ud.,"1,13 €","0,01 €/ud",https://www.carrefour.es/supermercado/tissues-classic-3-capas-carrefour-110-ud-carrefour/R-521015345/p
Limpieza y hogar,Bolsas de congelación medianas Carrefour 75 ud.,"1,50 €","0,02 €/ud",https://www.carrefour.es/supermercado/bolsas-de-congelacion-medianas-carrefour-75-ud-carrefour/R-prod270545/p
Limpieza y hogar,"Desinfectante textil líquido Sanytol 1,2 l.","4,05 €","4,25 €/l",https://www.carrefour.es/supermercado/desinfectante-textil-liquido-sanytol-1-2-l-sanytol/R-prod340217/p
Limpieza y hogar,Papel higiénico 3 capas Carrefour 12 rollos.,"0,65 €","0,34 €/ud",https://www.carrefour.es/supermercado/papel-higienico-3-capas-carrefour-12-rollos-carrefour/R-521013712/p
Limpieza y hogar,"Fregasuelos pino Carrefour 1,5 l.","1,31 €","0,43 €/l",https://www.carrefour.es/supermercado/fregasuelos-pino-carrefour-1-5-l-carrefour/R-prod1120728/p
Limpieza y hogar,Papel higiénico Take It Easy Renova 12 rollos.,"1,75 €","0,11 €/ud",https://www.carrefour.es/supermercado/papel-higienico-take-it-easy-renova-12-rollos-renova/R-730814008/p
Limpieza y hogar,Suavizante concentrado spa Carrefour 80 lavados.,"2,49 €","0,02 €/lavado",https://www.carrefour.es/supermercado/suavizante-concentrado-spa-carrefour-80-lavados-carrefour/R-prod1110066/p
Limpieza y hogar,Limpiador Baños Sanytol Pistola 750 ml,"1,65 €","3,32 €/l",https://www.carrefour.es/supermercado/limpiador-banos-sanytol-pistola-750-ml-sanytol/R-605301893/p
Limpieza y hogar,15 Bolsas Basura CARREFOUR cubo Grande 50 Litros - Blanca,"3,15 €","0,11 €/ud",https://www.carrefour.es/supermercado/15-bolsas-basura-carrefour-cubo-grande-50-litros-blanca-carrefour/R-prod280613/p
Limpieza y hogar,Lavavajillas a mano Fairy Ultra Poder 650 ml.,"2,65 €","4,85 €/l",https://www.carrefour.es/supermercado/lavavajillas-a-mano-fairy-ultra-poder-650-ml/R-VC4AECOMM-457728/p
Limpieza y hogar,Papel higiénico Confort Fresh Carrefour 12 rollos.,"2,32 €","0,22 €/ud",https://www.carrefour.es/supermercado/papel-higienico-confort-fresh-carrefour-12-rollos-carrefour/R-687013376/p
Limpieza y hogar,"LIMPIAH.D LIMPIO BA?O 1,5L","0,99 €","1,50 €/l",https://www.carrefour.es/supermercado/limpiahd-limpio-bao-1-5l-don-limpio/R-521012096/p
Limpieza y hogar,Papel de aluminio Carrefour 50 metros.,"12,90 €","0,05 €/m",https://www.carrefour.es/supermercado/papel-de-aluminio-carrefour-50-metros-carrefour/R-737307022/p
Limpieza y hogar,Gel wc eucalipto Carrefour 1 l.,"2,69 €","0,99 €/l",https://www.carrefour.es/supermercado/gel-wc-eucalipto-carrefour-1-l-carrefour/R-579901493/p
Limpieza y hogar,Papel higiénico Scottex 48 rollos.,"2,40 €","0,27 €/ud",https://www.carrefour.es/supermercado/papel-higienico-scottex-48-rollos-scottex/R-780686956/p
Limpieza y hogar,Suavizante concentrado frescor cielo azul Vernel 76 lavados.,"1,65 €","0,04 €/lavado",https://www.carrefour.es/supermercado/suavizante-concentrado-frescor-cielo-azul-vernel-76-lavados-vernel/R-711910936/p
Limpieza y hogar,Quitagrasas KH-7 750 ml,"12,90 €","3,59 €/l",https://www.carrefour.es/supermercado/quitagrasas-kh-7-750-ml-kh-7/R-530014497/p
Limpieza y hogar,Papel de horno en rollo Carrefour 15 metros.,"1,49 €","0,10 €/m",https://www.carrefour.es/supermercado/papel-de-horno-en-rollo-carrefour-15-metros-carrefour/R-prod392803/p
Limpieza y hogar,Papel de cocina Jumbo Scottex 1 rollo.,"2,80 €","2,70 €/ud",https://www.carrefour.es/supermercado/papel-de-cocina-jumbo-scottex-1-rollo-scottex/R-521028558/p
Limpieza y hogar,Suavizante concentrado azul vital Mimosín 78 lavados.,"0,99 €","0,05 €/lavado",https://www.carrefour.es/supermercado/suavizante-concentrado-azul-vital-mimosin-78-lavados-mimosin/R-prod250203/p
Limpieza y hogar,Lavavajillas a mano aroma aloe vera y pepino Fairy 650 ml.,"1,60 €","4,31 €/l",https://www.carrefour.es/supermercado/lavavajillas-a-mano-aroma-aloe-vera-y-pepino-fairy-650-ml-fairy/R-prod370572/p
Limpieza y hogar,Gel WC azul desincrustante Carrefour 1 l.,"1,75 €","0,99 €/l",https://www.carrefour.es/supermercado/gel-wc-azul-desincrustante-carrefour-1-l-carrefour/R-579901491/p
Limpieza y hogar,Abrillantador lavavajillas triple action Carrefour 1 l.,"1,19 €","1,60 €/l",https://www.carrefour.es/supermercado/abrillantador-lavavajillas-triple-action-carrefour-1-l-carrefour/R-521001503/p
Limpieza y hogar,Suavizante concentrado peonía y granada Carrefour 80 lavados.,"2,65 €","0,02 €/lavado",https://www.carrefour.es/supermercado/suavizante-concentrado-peonia-y-granada-carrefour-80-lavados-carrefour/R-prod1110037/p
Limpieza y hogar,Film transparente Carrefour 100 metros.,"5,65 €","0,02 €/m",https://www.carrefour.es/supermercado/film-transparente-carrefour-100-metros-carrefour/R-prod392805/p
Limpieza y hogar,Papel higiénico húmedo Fresh Jumbo Scottex 74 ud.,"6,40 €","0,04 €/ud",https://www.carrefour.es/supermercado/papel-higienico-humedo-fresh-jumbo-scottex-74-ud-scottex/R-659101836/p
Limpieza y hogar,Papel de cocina para todo Colhogar 4 rollos.,"2,95 €","1,41 €/ud",https://www.carrefour.es/supermercado/papel-de-cocina-para-todo-colhogar-4-rollos-colhogar/R-prod950024/p
Limpieza y hogar,Lavavajillas máquina classic en pastillas Finish 57 ud.,"1,30 €","0,11 €/lavado",https://www.carrefour.es/supermercado/lavavajillas-maquina-classic-en-pastillas-finish-57-ud-finish/R-615001745/p
Limpieza y hogar,Suavizante concentrado azul original Flor 80 lavados.,"4,30 €","0,04 €/lavado",https://www.carrefour.es/supermercado/suavizante-concentrado-azul-original-flor-80-lavados-flor/R-521028595/p
Limpieza y hogar,"Limpiador de baño power gel Carrefour 1,5 l.","2,20 €","0,87 €/l",https://www.carrefour.es/supermercado/limpiador-de-bano-power-gel-carrefour-1-5-l-carrefour/R-521001246/p
Limpieza y hogar,25 Bolsas de basura Maxi Rollo Antibacterias Handy Bag 30 Litros-Azul,"0,99 €","0,17 €/ud",https://www.carrefour.es/supermercado/25-bolsas-de-basura-maxi-rollo-antibacterias-handy-bag-30-litros-azul-albal/R-655301782/p
Limpieza y hogar,"LIMPIAH.DLIMPIO PH NEUTRO 1,5L","1,12 €","1,47 €/l",https://www.carrefour.es/supermercado/limpiahdlimpio-ph-neutro-1-5l-don-limpio/R-521012198/p
Limpieza y hogar,Mimosín Suavizante Concentrado Caricias 78 Lavados,"0,80 €","0,05 €/lavado",https://www.carrefour.es/supermercado/mimosin-suavizante-concentrado-caricias-78-lavados-mimosin/R-prod250195/p
Limpieza y hogar,Limpiacristales multiuso Carrefour 1 l.,"1,30 €","0,99 €/l",https://www.carrefour.es/supermercado/limpiacristales-multiuso-carrefour-1-l-carrefour/R-549001891/p
Limpieza y hogar,Pañuelos con loción suavizante Carrefour 200 ud.,"1,60 €","0,01 €/ud",https://www.carrefour.es/supermercado/panuelos-con-locion-suavizante-carrefour-200-ud-carrefour/R-prod920236/p
Limpieza y hogar,Lejía efecto antirrotura Carrefour 2 l.,"2,81 €","0,40 €/l",https://www.carrefour.es/supermercado/lejia-efecto-antirrotura-carrefour-2-l-carrefour/R-521008445/p
Limpieza y hogar,Quitagrasas desengrasa sin frotar Carrefour 750 ml.,"0,62 €","1,73 €/l",https://www.carrefour.es/supermercado/quitagrasas-desengrasa-sin-frotar-carrefour-750-ml-carrefour/R-544101802/p
Limpieza y hogar,"Fregasuelos con lejia y detergente azul Estrella 1,35 l.","0,83 €","1,19 €/l",https://www.carrefour.es/supermercado/fregasuelos-con-lejia-y-detergente-azul-estrella-1-35-l/R-VC4AECOMM-443086/p
Limpieza y hogar,Abrillantador de lavavajillas Finish 800 ml.,"6,85 €","8,56 €/l",https://www.carrefour.es/supermercado/abrillantador-de-lavavajillas-finish-800-ml-finish/R-521001509/p
Limpieza y hogar,3 Bayetas Multiusos de Microfibra Carrefour - Colores surtidos,"2,29 €","0,76 €/ud",https://www.carrefour.es/supermercado/3-bayetas-multiusos-de-microfibra-carrefour-colores-surtidos-carrefour/R-760001323/p
Limpieza y hogar,Limpiador Cocina Sanytol Pistola 750 ml,"2,50 €","3,33 €/l",https://www.carrefour.es/supermercado/limpiador-cocina-sanytol-pistola-750-ml-sanytol/R-605301889/p
Limpieza y hogar,Papel de cocina compact Carrefour 3 rollos.,"1,76 €","0,59 €/ud",https://www.carrefour.es/supermercado/papel-de-cocina-compact-carrefour-3-rollos-carrefour/R-521010955/p
Limpieza y hogar,3 Estropajos con esponja Carrefou - Verde,"1,00 €","0,33 €/ud",https://www.carrefour.es/supermercado/3-estropajos-con-esponja-carrefou-verde-carrefour/R-609800954/p
Limpieza y hogar,"Fregasuelos con lejia y detergente limón Estrella 2,7 l.","3,12 €","1,16 €/l",https://www.carrefour.es/supermercado/fregasuelos-con-lejia-y-detergente-limon-estrella-2-7-l/R-VC4AECOMM-442649/p
Limpieza y hogar,Papel de cocina Megarollo Scottex 3 rollos.,"1,59 €","0,53 €/ud",https://www.carrefour.es/supermercado/papel-de-cocina-megarollo-scottex-3-rollos-scottex/R-809710845/p
Limpieza y hogar,Lavavajillas máquina Todo en 1 Max Calgonit Finish 65 ud.,"13,99 €","0,22 €/ud",https://www.carrefour.es/supermercado/lavavajillas-maquina-todo-en-1-max-calgonit-finish-65-ud-finish/R-prod1170162/p
Limpieza y hogar,Suavizante concentrado orquídea y vainilla Carrefour 80 lavados.,"1,75 €","0,02 €/lavado",https://www.carrefour.es/supermercado/suavizante-concentrado-orquidea-y-vainilla-carrefour-80-lavados-carrefour/R-prod1110036/p
Limpieza y hogar,Agua de plancha desmineralizada Carrefour 5 l.,"1,75 €","0,35 €/l",https://www.carrefour.es/supermercado/agua-de-plancha-desmineralizada-carrefour-5-l-carrefour/R-fprod1360337/p
Limpieza y hogar,Detergente líquido bebé sin alérgenos Norit 1125 ml,"4,05 €","3,60 €/l",https://www.carrefour.es/supermercado/detergente-liquido-bebe-sin-alergenos-norit-1125-ml-norit/R-prod580093/p
Limpieza y hogar,"Fregasuelos colonia Carrefour 1,5 l.","0,93 €","0,62 €/l",https://www.carrefour.es/supermercado/fregasuelos-colonia-carrefour-1-5-l-carrefour/R-646002009/p
Limpieza y hogar,"Limpiahogar madera Don Limpio 1,5 l.","2,20 €","1,47 €/l",https://www.carrefour.es/supermercado/limpiahogar-madera-don-limpio-1-5-l-don-limpio/R-540202148/p
Limpieza y hogar,Limpiador Multiusos Sanytol Pistola 750 ml,"2,40 €","3,20 €/l",https://www.carrefour.es/supermercado/limpiador-multiusos-sanytol-pistola-750-ml-sanytol/R-605301891/p
Limpieza y hogar,Caja de pañuelos Family Kleenex 140 ud.,"2,60 €","0,01 €/ud",https://www.carrefour.es/supermercado/caja-de-panuelos-family-kleenex-140-ud-kleenex/R-785318064/p
Limpieza y hogar,Papel de cocina rollo gigante Renova 2 rollos.,"1,40 €","1,30 €/ud",https://www.carrefour.es/supermercado/papel-de-cocina-rollo-gigante-renova-2-rollos-renova/R-prod160138/p
Limpieza y hogar,Bolsas de Basura CARREFOUR Pino de 30l 20 ud - Verde,"1,85 €","0,07 €/ud",https://www.carrefour.es/supermercado/bolsas-de-basura-carrefour-pino-de-30l-20-ud-verde/R-VC4AECOMM-448072/p
Limpieza y hogar,20 Bolsas Basura CARREFOUR Cubo Alto 30 Litros - Azul,"1,69 €","0,09 €/ud",https://www.carrefour.es/supermercado/20-bolsas-basura-carrefour-cubo-alto-30-litros-azul-carrefour/R-prod280424/p
Limpieza y hogar,Papel higiénico húmedo sensitive Carrefour 70 ud.,"1,93 €","0,02 €/ud",https://www.carrefour.es/supermercado/papel-higienico-humedo-sensitive-carrefour-70-ud/R-VC4AECOMM-436717/p
Limpieza y hogar,Papel de cocina Adapt Colhogar 3 rollos.,"17,01 €","0,64 €/ud",https://www.carrefour.es/supermercado/papel-de-cocina-adapt-colhogar-3-rollos-colhogar/R-prod960004/p
Limpieza y hogar,Papel higiénico acolchado toque de seda Scottex 40 rollos.,"5,15 €","0,43 €/ud",https://www.carrefour.es/supermercado/papel-higienico-acolchado-toque-de-seda-scottex-40-rollos-scottex/R-prod780204/p
Limpieza y hogar,Papel higiénico húmedo Fresh Dúo Jumbo Scottex pack de 2 paquetes de 74 ud.,"6,36 €","0,03 €/ud",https://www.carrefour.es/supermercado/papel-higienico-humedo-fresh-duo-jumbo-scottex-pack-de-2-paquetes-de-74-ud-scottex/R-659101838/p
Limpieza y hogar,Limpiamáquinas Finish pack de 2 unidades de 250 ml.,"1,27 €","12,72 €/l",https://www.carrefour.es/supermercado/limpiamaquinas-finish-pack-de-2-unidades-de-250-ml-finish/R-521010506/p
Limpieza y hogar,Gel para lavavajillas todo en uno Carrefour 32 lavados,"2,60 €","4,06 €/l",https://www.carrefour.es/supermercado/gel-para-lavavajillas-todo-en-uno-carrefour-32-lavados-carrefour/R-651302980/p
Limpieza y hogar,Toallitas anti transferencia del color Carrefour 40 ud.,"3,55 €","0,09 €/ud",https://www.carrefour.es/supermercado/toallitas-anti-transferencia-del-color-carrefour-40-ud-carrefour/R-prod860428/p
Limpieza y hogar,Colgador WC power activ pine forest Bref 2 ud,"2,40 €","24,00 €/kg",https://www.carrefour.es/supermercado/colgador-wc-power-activ-pine-forest-bref-2-ud-bref/R-713315980/p
Limpieza y hogar,Detergente en cápsulas 3 en 1 Original Ariel 50 ud.,"15,70 €","0,31 €/lavado",https://www.carrefour.es/supermercado/detergente-en-capsulas-3-en-1-original-ariel-50-ud-ariel/R-prod700487/p
Limpieza y hogar,"Amoniaco perfumado con detergente Carrefour 1,5 l.","0,85 €","0,57 €/l",https://www.carrefour.es/supermercado/amoniaco-perfumado-con-detergente-carrefour-1-5-l-carrefour/R-848200308/p
Limpieza y hogar,Estropajo Salvauñas Antibacterias VILEDA 3 ud - Verde,"2,30 €","1,15 €/ud",https://www.carrefour.es/supermercado/estropajo-salvaunas-antibacterias-vileda-3-ud-verde-vileda/R-790068930/p
Limpieza y hogar,Abrillantador para lavavajillas + secado extra Somat 500 ml.,"1,89 €","5,00 €/l",https://www.carrefour.es/supermercado/abrillantador-para-lavavajillas-secado-extra-somat-500-ml-somat/R-prod440196/p
Limpieza y hogar,"Lejía lavadora acción total Neutrex Futura 1,8 l.","0,93 €","1,05 €/l",https://www.carrefour.es/supermercado/lejia-lavadora-accion-total-neutrex-futura-1-8-l/R-VC4AECOMM-444384/p
Limpieza y hogar,"Fregasuelos Frescor Limón Carrefour 1,5 l.","1,29 €","0,62 €/l",https://www.carrefour.es/supermercado/fregasuelos-frescor-limon-carrefour-1-5-l-carrefour/R-521001781/p
Limpieza y hogar,6 Bayetas Multiusos Carrefour - Amarilla,"0,70 €","0,21 €/ud",https://www.carrefour.es/supermercado/6-bayetas-multiusos-carrefour-amarilla-carrefour/R-609801012/p
Limpieza y hogar,3 Estropajos Inox Carrefour - Metalizado,"3,89 €","0,23 €/ud",https://www.carrefour.es/supermercado/3-estropajos-inox-carrefour-metalizado-carrefour/R-836133850/p
Limpieza y hogar,Papel de cocina ultra absorbente XXL Carrefour 4 r.,"0,68 €","0,97 €/ud",https://www.carrefour.es/supermercado/papel-de-cocina-ultra-absorbente-xxl-carrefour-4-r-carrefour/R-prod1060107/p
Limpieza y hogar,Lejía perfumada con detergente Frescor Marino Carrefour 2 l.,"1,70 €","0,34 €/l",https://www.carrefour.es/supermercado/lejia-perfumada-con-detergente-frescor-marino-carrefour-2-l-carrefour/R-861500432/p
Limpieza y hogar,10 Bolsas Basura CARREFOUR Comunidad 100 Litros - Negro,"3,10 €","0,17 €/ud",https://www.carrefour.es/supermercado/10-bolsas-basura-carrefour-comunidad-100-litros-negro-carrefour/R-prod280614/p
Limpieza y hogar,Film transparente Albal 50 metros.,"0,54 €","0,05 €/m",https://www.carrefour.es/supermercado/film-transparente-albal-50-metros-albal/R-521034343/p
Limpieza y hogar,Quitagrasas KH-7 750 ml.,"1,25 €","4,13 €/l",https://www.carrefour.es/supermercado/quitagrasas-kh-7-750-ml-kh-7/R-530014495/p
Limpieza y hogar,2 Estropajo salvauñas Carrefour - Azul,"0,99 €","0,27 €/ud",https://www.carrefour.es/supermercado/2-estropajo-salvaunas-carrefour-azul-carrefour/R-609302104/p
Limpieza y hogar,Bolsa de Basura especial Baño CARREFOUR 5L 40 ud 33x35 cm,"1,16 €","0,03 €/ud",https://www.carrefour.es/supermercado/bolsa-de-basura-especial-bano-carrefour-5l-40-ud-33x35-cm/R-VC4AECOMM-497403/p
Limpieza y hogar,PA?UELOS BOLS 18PAQ,"2,87 €","0,05 €/ud",https://www.carrefour.es/supermercado/pauelos-bols-18paq-producto-blanco/R-531705305/p
Limpieza y hogar,Lavavajillas a mano pieles sensibles aloe vera y jojoba Carrefour Essential 750 ml.,"4,01 €","1,55 €/l",https://www.carrefour.es/supermercado/lavavajillas-a-mano-pieles-sensibles-aloe-vera-y-jojoba-carrefour-essential-750-ml-carrefour/R-650803850/p
Limpieza y hogar,Limpiamuebles embellece classic Pronto 300 ml.,"1,70 €","9,57 €/l",https://www.carrefour.es/supermercado/limpiamuebles-embellece-classic-pronto-300-ml-pronto/R-521001937/p
Limpieza y hogar,Suavizante concentrado Nenuco Flor 72 lavados.,"4,05 €","0,06 €/lavado",https://www.carrefour.es/supermercado/suavizante-concentrado-nenuco-flor-72-lavados-flor/R-797608528/p
Limpieza y hogar,Papel higiénico acolchado Carrefour 9 rollos.,"3,35 €","0,37 €/ud",https://www.carrefour.es/supermercado/papel-higienico-acolchado-carrefour-9-rollos-carrefour/R-prod810340/p
Limpieza y hogar,Toallitas para wc frescor fresco Carrefour 40 ud.,"0,99 €","0,02 €/ud",https://www.carrefour.es/supermercado/toallitas-para-wc-frescor-fresco-carrefour-40-ud-carrefour/R-694608968/p
Limpieza y hogar,Limpiador de vitrocerámica en crema Vitroclen 450 ml.,"4,90 €","10,89 €/l",https://www.carrefour.es/supermercado/limpiador-de-vitroceramica-en-crema-vitroclen-450-ml-vitroclen/R-521009076/p
Limpieza y hogar,Papel higiénico acolchado toque de seda Scottex 24 rollos.,"10,50 €","0,44 €/ud",https://www.carrefour.es/supermercado/papel-higienico-acolchado-toque-de-seda-scottex-24-rollos-scottex/R-526423876/p
Limpieza y hogar,Limpiahogar Cif 750 ml.,"3,15 €","3,05 €/l",https://www.carrefour.es/supermercado/limpiahogar-cif-750-ml-cif/R-521001248/p
Limpieza y hogar,Limpiador antical en gel spray Viakal 700 ml.,"2,70 €","4,50 €/l",https://www.carrefour.es/supermercado/limpiador-antical-en-gel-spray-viakal-700-ml-viakal/R-521001234/p
Limpieza y hogar,Fregona de tiras Super VILEDA - Azul,"0,82 €","2,70 €/ud",https://www.carrefour.es/supermercado/fregona-de-tiras-super-vileda-azul-vileda/R-521007641/p
Limpieza y hogar,Limpiacristales en pistola Carrefour 1 l.,"3,20 €","0,82 €/l",https://www.carrefour.es/supermercado/limpiacristales-en-pistola-carrefour-1-l-carrefour/R-prod1000356/p
Limpieza y hogar,Paquete 500 Hojas 80 gr DIN A4,"1,55 €","3,20 €/ud",https://www.carrefour.es/supermercado/paquete-500-hojas-80-gr-din-a4-carrefour/R-601401568/p
Limpieza y hogar,Quitamanchas ropa de color en gel Carrefour 2 l.,"1,40 €","0,77 €/l",https://www.carrefour.es/supermercado/quitamanchas-ropa-de-color-en-gel-carrefour-2-l-carrefour/R-prod211404/p
Limpieza y hogar,Limpiador jabonoso para muebles y suelos de madera Carrefour Expert 1 l.,"5,95 €","1,40 €/l",https://www.carrefour.es/supermercado/limpiador-jabonoso-para-muebles-y-suelos-de-madera-carrefour-expert-1-l-carrefour/R-521001748/p
Limpieza y hogar,Pack de 10 Pilas Alcalinas I-Tech LR06 AA Carrefour,"1,75 €","0,59 €/ud",https://www.carrefour.es/supermercado/pack-de-10-pilas-alcalinas-i-tech-lr06-aa-carrefour-carrefour/R-829843579/p
Limpieza y hogar,Suavizante concentrado colonia Carrefour 80 lavados.,"1,75 €","0,02 €/lavado",https://www.carrefour.es/supermercado/suavizante-concentrado-colonia-carrefour-80-lavados-carrefour/R-prod1110061/p
Limpieza y hogar,Gel desatascador tuberias Expert Carrefour 1 l.,"1,30 €","1,75 €/l",https://www.carrefour.es/supermercado/gel-desatascador-tuberias-expert-carrefour-1-l/R-VC4AECOMM-487716/p
Limpieza y hogar,Colgador WC con lejía aroma limón verde Carrefour 2 ud.,"0,70 €","1,30 €/ud",https://www.carrefour.es/supermercado/colgador-wc-con-lejia-aroma-limon-verde-carrefour-2-ud-carrefour/R-700707648/p
Limpieza y hogar,Fregona Sintética - Amarilla,"2,15 €","0,70 €/ud",https://www.carrefour.es/supermercado/fregona-sintetica-amarilla/R-609801006/p
Limpieza y hogar,Limpiacristales en pistola cristalino Cristasol 750 ml,"2,39 €","2,87 €/l",https://www.carrefour.es/supermercado/limpiacristales-en-pistola-cristalino-cristasol-750-ml-cristasol/R-521002251/p
Limpieza y hogar,"Limpiahogar universal con bioalcohol Tenn 1,3 l.","6,65 €","1,84 €/l",https://www.carrefour.es/supermercado/limpiahogar-universal-con-bioalcohol-tenn-1-3-l-tenn/R-521001811/p
Limpieza y hogar,Sal para lavavajillas Finish 4 kg.,"0,75 €","1,66 €/kg",https://www.carrefour.es/supermercado/sal-para-lavavajillas-finish-4-kg-finish/R-521028575/p
Limpieza y hogar,Agua de plancha desmineralizada Carrefour 2 l.,"2,30 €","0,37 €/l",https://www.carrefour.es/supermercado/agua-de-plancha-desmineralizada-carrefour-2-l-carrefour/R-fprod1280197/p
Limpieza y hogar,Limpiador desinfectante sin lejía multiusos para todas las superficies Asevi 750 ml.,"2,39 €","0,31 €/100ml",https://www.carrefour.es/supermercado/limpiador-desinfectante-sin-lejia-multiusos-para-todas-las-superficies-asevi-750-ml/R-VC4AECOMM-483965/p
Limpieza y hogar,"Limpiador de baño Tenn 1,3 l.","3,40 €","1,84 €/l",https://www.carrefour.es/supermercado/limpiador-de-bano-tenn-1-3-l-tenn/R-521001258/p
Limpieza y hogar,Detergente líquido para lana y prendas delicadas Perlan 41 lavados.,"2,85 €","2,28 €/l",https://www.carrefour.es/supermercado/detergente-liquido-para-lana-y-prendas-delicadas-perlan-41-lavados-perlan/R-521001728/p
Limpieza y hogar,"Limpiahogar ph neutro Don Limpio 2,7 l.","3,25 €","1,29 €/l",https://www.carrefour.es/supermercado/limpiahogar-ph-neutro-don-limpio-2-7-l-don-limpio/R-521001803/p
Limpieza y hogar,Suavizante concentrado de lirio irresistible Aromaterapia Vernel 76 lavados.,"4,70 €","0,04 €/lavado",https://www.carrefour.es/supermercado/suavizante-concentrado-de-lirio-irresistible-aromaterapia-vernel-76-lavados-vernel/R-750002101/p
Limpieza y hogar,Limpiador de suciedad y manchas de humedad Cillit Bang 750 ml.,"0,93 €","6,27 €/l",https://www.carrefour.es/supermercado/limpiador-de-suciedad-y-manchas-de-humedad-cillit-bang-750-ml-cillit-bang/R-866819000/p
Limpieza y hogar,"Fregasuelos talco Carrefour 1,5 l.","4,45 €","0,62 €/l",https://www.carrefour.es/supermercado/fregasuelos-talco-carrefour-1-5-l-carrefour/R-646002005/p
Limpieza y hogar,Abrillantador de lavavajillas Finish 500 ml.,"8,90 €","8,90 €/l",https://www.carrefour.es/supermercado/abrillantador-de-lavavajillas-finish-500-ml-finish/R-521001507/p
Limpieza y hogar,Detergente líquido Dixan Total 50 lavados.,"3,85 €","0,18 €/lavado",https://www.carrefour.es/supermercado/detergente-liquido-dixan-total-50-lavados-dixan/R-prod830355/p
Limpieza y hogar,Quitamanchas prelavado spray KH-7 750 ml.,"2,40 €","5,13 €/l",https://www.carrefour.es/supermercado/quitamanchas-prelavado-spray-kh-7-750-ml-kh-7/R-521012416/p
Limpieza y hogar,Colgador WC Poder Activo aroma limón Bref 2 ud.,"1,29 €","24,00 €/kg",https://www.carrefour.es/supermercado/colgador-wc-poder-activo-aroma-limon-bref-2-ud-bref/R-713315978/p
Limpieza y hogar,"Limpiador cocina y baño power con lejía Carrefour 1,5 l.","17,45 €","0,86 €/l",https://www.carrefour.es/supermercado/limpiador-cocina-y-bano-power-con-lejia-carrefour-1-5-l-carrefour/R-521001432/p
Limpieza y hogar,Detergente en polvo Ariel 85 cacitos,"2,80 €","0,21 €/lavado",https://www.carrefour.es/supermercado/detergente-en-polvo-ariel-85-cacitos-ariel/R-546306384/p
Limpieza y hogar,Suavizante concentrado moussel Mimosín 78 lavados.,"6,00 €","0,05 €/lavado",https://www.carrefour.es/supermercado/suavizante-concentrado-moussel-mimosin-78-lavados-mimosin/R-prod250196/p
Limpieza y hogar,Lavavajillas a mano extra higiene aroma eucalipto Fairy 650 ml.,"3,25 €","4,31 €/l",https://www.carrefour.es/supermercado/lavavajillas-a-mano-extra-higiene-aroma-eucalipto-fairy-650-ml-fairy/R-prod372169/p
Limpieza y hogar,Detergente líquido ropa oscura Diario Norit 40 lavados.,"1,80 €","0,15 €/lavado",https://www.carrefour.es/supermercado/detergente-liquido-ropa-oscura-diario-norit-40-lavados-norit/R-756203005/p
Limpieza y hogar,Suavizante concentrado delicado para pieles sensibles y alérgicas Vernel 76 lavados.,"1,77 €","0,04 €/lavado",https://www.carrefour.es/supermercado/suavizante-concentrado-delicado-para-pieles-sensibles-y-alergicas-vernel-76-lavados-vernel/R-711910934/p
Limpieza y hogar,Discos wc activos inodoros aroma lima recambio Pato 2 ud.,"18,15 €","2,17 €/ud",https://www.carrefour.es/supermercado/discos-wc-activos-inodoros-aroma-lima-recambio-pato-2-ud-pato/R-583901519/p
Limpieza y hogar,Servilletas 2 capas de Celulosa CARREFOUR HOME 33x12cm - Decorado,"9,30 €","0,02 €/ud",https://www.carrefour.es/supermercado/servilletas-2-capas-de-celulosa-carrefour-home-33x12cm-decorado-carrefour-home/R-prod520203/p
Limpieza y hogar,"Lejía lavadora acción total Neutrex 1,8 l.","2,30 €","0,98 €/l",https://www.carrefour.es/supermercado/lejia-lavadora-accion-total-neutrex-1-8-l/R-VC4AECOMM-444379/p
Limpieza y hogar,Papel higiénico megarollo Scottex 36 rollos.,"1,61 €","0,50 €/ud",https://www.carrefour.es/supermercado/papel-higienico-megarollo-scottex-36-rollos-scottex/R-767508484/p
Limpieza y hogar,Detergente liquido aloe vera Skip 50 lavados.,"9,80 €","0,19 €/lavado",https://www.carrefour.es/supermercado/detergente-liquido-aloe-vera-skip-50-lavados-skip/R-521008453/p
Limpieza y hogar,Bayeta VILEDA X3 - Amarillo,"2,99 €","0,77 €/ud",https://www.carrefour.es/supermercado/bayeta-vileda-x3-amarillo-vileda/R-521032829/p
Limpieza y hogar,Lavavajillas máquina Todo en 1 en pastillas ecológico Frosch 30 ud.,"6,10 €","0,20 €/ud",https://www.carrefour.es/supermercado/lavavajillas-maquina-todo-en-1-en-pastillas-ecologico-frosch-30-ud-frosch/R-590207001/p
Limpieza y hogar,Limpiamáquinas Finish 250 ml.,"3,42 €","13,68 €/l",https://www.carrefour.es/supermercado/limpiamaquinas-finish-250-ml-finish/R-521001505/p
Limpieza y hogar,Papel de cocina Design XXL Renova 3 rollos.,"2,50 €","0,83 €/ud",https://www.carrefour.es/supermercado/papel-de-cocina-design-xxl-renova-3-rollos-renova/R-814300527/p
Limpieza y hogar,Papel higiénico ultra suave XXL Colhogar 24 rollos.,"11,50 €","0,48 €/ud",https://www.carrefour.es/supermercado/papel-higienico-ultra-suave-xxl-colhogar-24-rollos-colhogar/R-prod880301/p
Limpieza y hogar,Lavavajillas a máquina en pastillas todo en 1 pack XL Somat 50 ud.,"8,03 €","0,16 €/ud",https://www.carrefour.es/supermercado/lavavajillas-a-maquina-en-pastillas-todo-en-1-pack-xl-somat-50-ud-somat/R-729215770/p
Limpieza y hogar,Ambientador Hogar y Tejidos Sanytol 300 ml,"3,63 €","12,10 €/l",https://www.carrefour.es/supermercado/ambientador-hogar-y-tejidos-sanytol-300-ml-sanytol/R-804987881/p
Limpieza y hogar,Detergente en cápsulas All in 1 Pods Ariel 70 ud.,"20,95 €","0,30 €/ud",https://www.carrefour.es/supermercado/detergente-en-capsulas-all-in-1-pods-ariel-70-ud/R-VC4AECOMM-490631/p
Limpieza y hogar,Papel de cocina XXL Carrefour 2 rollos.,"2,10 €","1,05 €/ud",https://www.carrefour.es/supermercado/papel-de-cocina-xxl-carrefour-2-rollos-carrefour/R-782401329/p
Limpieza y hogar,"Lavavajillas a mano ultra concentrado power clean Expert Carrefour 1,3 l.","1,73 €","1,33 €/l",https://www.carrefour.es/supermercado/lavavajillas-a-mano-ultra-concentrado-power-clean-expert-carrefour-1-3-l/R-VC4AECOMM-490127/p
Limpieza y hogar,Limpiador Baños desinfectante sin lejia ZAS 750 ml.,"2,90 €","3,87 €/l",https://www.carrefour.es/supermercado/limpiador-banos-desinfectante-sin-lejia-zas-750-ml-zas/R-521001264/p
Limpieza y hogar,Gel para lavavajillas Oro anti grasa Somat 50 lavados.,"8,20 €","0,16 €/lavado",https://www.carrefour.es/supermercado/gel-para-lavavajillas-oro-anti-grasa-somat-50-lavados-somat/R-787642307/p
Limpieza y hogar,Lavavajillas máquina original Todo en 1 en cápsulas Fairy 84 ud.,"18,95 €","0,23 €/lavado",https://www.carrefour.es/supermercado/lavavajillas-maquina-original-todo-en-1-en-capsulas-fairy-84-ud-fairy/R-808943852/p
Limpieza y hogar,Detergente líquido pieles sensibles Norit 40 lavados,"6,00 €","0,15 €/lavado",https://www.carrefour.es/supermercado/detergente-liquido-pieles-sensibles-norit-40-lavados-norit/R-756203007/p
Limpieza y hogar,Servilletas CARREFOUR 50 ud - Blanco,"1,10 €","1,10 €/ud",https://www.carrefour.es/supermercado/servilletas-carrefour-50-ud-blanco-carrefour/R-prod520205/p
Limpieza y hogar,Lavavajillas máquina Todo en 1 aroma naranja en cápsulas Fairy 60 ud.,"9,35 €","0,16 €/lavado",https://www.carrefour.es/supermercado/lavavajillas-maquina-todo-en-1-aroma-naranja-en-capsulas-fairy-60-ud-fairy/R-847300411/p
Limpieza y hogar,Suavizante concentrado azul 80 lavados.,"1,40 €","0,70 €/l",https://www.carrefour.es/supermercado/suavizante-concentrado-azul-80-lavados-producto-blanco/R-prod580052/p
Limpieza y hogar,Suavizante concentrado magia de magnolia Aromaterapia Vernel 76 lavados.,"3,25 €","0,04 €/lavado",https://www.carrefour.es/supermercado/suavizante-concentrado-magia-de-magnolia-aromaterapia-vernel-76-lavados-vernel/R-prod70834/p
Limpieza y hogar,Bolsas de Basura 100% Reciclado CARREFOUR 30l 20 ud - Verde,"1,80 €","0,09 €/ud",https://www.carrefour.es/supermercado/bolsas-de-basura-100-reciclado-carrefour-30l-20-ud-verde/R-VC4AECOMM-554206/p
Limpieza y hogar,Papel de cocina para todo Colhogar 6 rollos.,"4,10 €","1,22 €/ud",https://www.carrefour.es/supermercado/papel-de-cocina-para-todo-colhogar-6-rollos-colhogar/R-prod920121/p
Limpieza y hogar,Detergente líquido aloe vera y flores de almendras Carrefour 40 lavados.,"1,99 €","0,10 €/lavado",https://www.carrefour.es/supermercado/detergente-liquido-aloe-vera-y-flores-de-almendras-carrefour-40-lavados-carrefour/R-prod550018/p
Limpieza y hogar,10 Bolsas de basura Baño Perfumadas Handy Bag 10 Litros - Blancas,"1,50 €","0,13 €/ud",https://www.carrefour.es/supermercado/10-bolsas-de-basura-bano-perfumadas-handy-bag-10-litros-blancas/R-787404015/p
Limpieza y hogar,Bolsas de congelación grandes Carrefour 50 ud.,"2,20 €","0,03 €/ud",https://www.carrefour.es/supermercado/bolsas-de-congelacion-grandes-carrefour-50-ud-carrefour/R-prod270534/p
Limpieza y hogar,Papel higiénico triple rollo de 2 capas Carrefour 4 rollos.,"1,85 €","0,55 €/ud",https://www.carrefour.es/supermercado/papel-higienico-triple-rollo-de-2-capas-carrefour-4-rollos-carrefour/R-725602093/p
Limpieza y hogar,Lejía + espuma limpiadora extra power marine Pato 750 ml.,"2,15 €","0,29 €/100ml",https://www.carrefour.es/supermercado/lejia-espuma-limpiadora-extra-power-marine-pato-750-ml-pato/R-867102830/p
Limpieza y hogar,Bolsas de congelación 2 tamaños Ziploc Albal 20 ud.,"3,39 €","0,17 €/ud",https://www.carrefour.es/supermercado/bolsas-de-congelacion-2-tamanos-ziploc-albal-20-ud-albal/R-768503572/p
Limpieza y hogar,Limpiacristales Cristasol 1250 ml.,"2,09 €","1,67 €/l",https://www.carrefour.es/supermercado/limpiacristales-cristasol-1250-ml-cristasol/R-803482515/p
Limpieza y hogar,Estropajo VILEDA No Raya 2+1,"1,80 €","0,60 €/ud",https://www.carrefour.es/supermercado/estropajo-vileda-no-raya-21/R-VC4AECOMM-492608/p
Limpieza y hogar,Toallitas limpiagafas Bref 20 ud.,"1,70 €","0,09 €/ud",https://www.carrefour.es/supermercado/toallitas-limpiagafas-bref-20-ud-bref/R-803467439/p
Limpieza y hogar,Pañuelo mentol Carrefour 10 ud.,"0,99 €","0,10 €/ud",https://www.carrefour.es/supermercado/panuelo-mentol-carrefour-10-ud-carrefour/R-750302807/p
Limpieza y hogar,Pañuelos Original Kleenex 12 ud.,"1,50 €","0,12 €/ud",https://www.carrefour.es/supermercado/panuelos-original-kleenex-12-ud-kleenex/R-655302070/p
Limpieza y hogar,Lavavajillas máquina platinum Todo en 1 en cápsulas Fairy 42 ud.,"3,29 €","0,34 €/lavado",https://www.carrefour.es/supermercado/lavavajillas-maquina-platinum-todo-en-1-en-capsulas-fairy-42-ud-fairy/R-847300409/p
Limpieza y hogar,Lavavajillas máquina aroma limón Todo en 1 en pastillas Carrefour 32 ud.,"0,99 €","0,10 €/ud",https://www.carrefour.es/supermercado/lavavajillas-maquina-aroma-limon-todo-en-1-en-pastillas-carrefour-32-ud-carrefour/R-prod860430/p
Limpieza y hogar,Fregona Algodón CARREFOUR - Blanca,"11,95 €","0,99 €/ud",https://www.carrefour.es/supermercado/fregona-algodon-carrefour-blanca-carrefour/R-609302130/p
Limpieza y hogar,Detergente líquido Colon 50 lavados.,"1,30 €","0,24 €/lavado",https://www.carrefour.es/supermercado/detergente-liquido-colon-50-lavados-colon/R-737026494/p
Limpieza y hogar,Servilletas 3 capas de Celulosa CARREFOUR HOME 50 ud - Blanco,"0,68 €","1,30 €/ud",https://www.carrefour.es/supermercado/servilletas-3-capas-de-celulosa-carrefour-home-50-ud-blanco-carrefour-home/R-835752311/p
Limpieza y hogar,Desodorizante cisterna en pastilla agua Azul Carrefour 2 ud.,"1,75 €","0,34 €/ud",https://www.carrefour.es/supermercado/desodorizante-cisterna-en-pastilla-agua-azul-carrefour-2-ud-carrefour/R-521015092/p
Limpieza y hogar,Suavizante concentrado azul Flor 156 lavados.,"3,23 €","0,04 €/lavado",https://www.carrefour.es/supermercado/suavizante-concentrado-azul-flor-156-lavados-flor/R-770612705/p
Limpieza y hogar,Suavizante concentrado lavanda Carrefour 80 lavados.,"1,99 €","0,02 €/lavado",https://www.carrefour.es/supermercado/suavizante-concentrado-lavanda-carrefour-80-lavados-carrefour/R-prod1110038/p
Limpieza y hogar,Limpiador de baño frescor en gel Pato pack de 2 unidades de 750 ml.,"9,15 €","2,15 €/l",https://www.carrefour.es/supermercado/limpiador-de-bano-frescor-en-gel-pato-pack-de-2-unidades-de-750-ml-pato/R-823818277/p
Limpieza y hogar,Lavavajillas a mano frescor de limón 3 l.,"13,75 €","0,66 €/l",https://www.carrefour.es/supermercado/lavavajillas-a-mano-frescor-de-limon-3-l-producto-blanco/R-696602502/p
Limpieza y hogar,Detergente líquido Nenuco Colon 60 lavados.,"2,73 €","0,15 €/lavado",https://www.carrefour.es/supermercado/detergente-liquido-nenuco-colon-60-lavados-colon/R-638601880/p
Limpieza y hogar,Detergente liquido ultra oxi effect Ariel 40 lavados.,"2,99 €","0,34 €/lavado",https://www.carrefour.es/supermercado/detergente-liquido-ultra-oxi-effect-ariel-40-lavados/R-VC4AECOMM-584527/p
Limpieza y hogar,Desinfectante Ropa Sanytol 500 ml,"1,30 €","5,46 €/l",https://www.carrefour.es/supermercado/desinfectante-ropa-sanytol-500-ml-sanytol/R-783800460/p
Limpieza y hogar,Servilleta dos Capas CARREFOUR 22x20 cm 500 ud - Blanco,"5,50 €","2,99 €/ud",https://www.carrefour.es/supermercado/servilleta-dos-capas-carrefour-22x20-cm-500-ud-blanco-carrefour-home/R-848304358/p
Limpieza y hogar,Lavavajillas máquina Todo en 1 en pastillas Finish 48 ud.,"11,99 €","0,25 €/ud",https://www.carrefour.es/supermercado/lavavajillas-maquina-todo-en-1-en-pastillas-finish-48-ud-finish/R-683401816/p
Limpieza y hogar,Bolsa de Basura Biodegradable Compostable ECOPLANET 10l 15 ud 45x45 cm,"1,70 €","0,11 €/ud",https://www.carrefour.es/supermercado/bolsa-de-basura-biodegradable-compostable-ecoplanet-10l-15-ud-45x45-cm/R-VC4AECOMM-497407/p
Limpieza y hogar,Lavavajillas a mano para pieles sensibles ecológico Carrefour Eco Planet 500 ml.,"0,99 €","1,98 €/l",https://www.carrefour.es/supermercado/lavavajillas-a-mano-para-pieles-sensibles-ecologico-carrefour-eco-planet-500-ml-carrefour-eco-planet/R-fprod1250064/p
Limpieza y hogar,Bolsa Basura Resistente HANDY BAG Devora Olor 30 l - Verde,"2,50 €","0,17 €/ud",https://www.carrefour.es/supermercado/bolsa-basura-resistente-handy-bag-devora-olor-30-l-verde-handy-bag/R-prod1120092/p
Limpieza y hogar,Detergente en polvo con jabón de Marsella Carrefour 50 cacitos,"4,70 €","0,09 €/lavado",https://www.carrefour.es/supermercado/detergente-en-polvo-con-jabon-de-marsella-carrefour-50-cacitos-carrefour/R-684204050/p
Limpieza y hogar,Gel para lavavajillas brillo y protección Finish 50 lavados.,"3,12 €","0,16 €/lavado",https://www.carrefour.es/supermercado/gel-para-lavavajillas-brillo-y-proteccion-finish-50-lavados-finish/R-835176071/p
Limpieza y hogar,Lavavajillas máquina original Todo en 1 en cápsulas Fairy 55 ud.,"1,40 €","0,25 €/lavado",https://www.carrefour.es/supermercado/lavavajillas-maquina-original-todo-en-1-en-capsulas-fairy-55-ud-fairy/R-847300405/p
Limpieza y hogar,"Fregasuelos con lejia y detergente azul Estrella 2,7 l.","1,60 €","1,16 €/l",https://www.carrefour.es/supermercado/fregasuelos-con-lejia-y-detergente-azul-estrella-2-7-l/R-VC4AECOMM-442659/p
Limpieza y hogar,Detergente líquido Alpine Ariel 50 lavados.,"1,95 €","0,26 €/lavado",https://www.carrefour.es/supermercado/detergente-liquido-alpine-ariel-50-lavados-ariel/R-795189264/p
Limpieza y hogar,Suavizante concentrado talco Carrefour 80 lavados.,"1,73 €","0,70 €/l",https://www.carrefour.es/supermercado/suavizante-concentrado-talco-carrefour-80-lavados-carrefour/R-prod580050/p
Limpieza y hogar,Fregona Hilo Microfibra CARREFOUR - Estampado,"2,70 €","1,60 €/ud",https://www.carrefour.es/supermercado/fregona-hilo-microfibra-carrefour-estampado-carrefour/R-609302140/p
Limpieza y hogar,Desinfectante superficies acción bactericida aroma menta Cooper Bacter 270 ml.,"2,80 €","5,56 €/l",https://www.carrefour.es/supermercado/desinfectante-superficies-accion-bactericida-aroma-menta-cooper-bacter-270-ml/R-VC4AECOMM-543429/p
Limpieza y hogar,Suavizante concentrado azul Carrefour 160 lavados.,"3,15 €","0,02 €/lavado",https://www.carrefour.es/supermercado/suavizante-concentrado-azul-carrefour-160-lavados-carrefour/R-prod1110035/p
Limpieza y hogar,LIMPIACRISTALES CRISTASOL R750,"9,30 €","2,60 €/l",https://www.carrefour.es/supermercado/limpiacristales-cristasol-r750-cristasol/R-521002259/p
Limpieza y hogar,Lavavajillas a máquina platinum plus aroma limón Todo en 1 en cápsulas Fairy 56 ud.,"2,21 €","0,30 €/ud",https://www.carrefour.es/supermercado/lavavajillas-a-maquina-platinum-plus-aroma-limon-todo-en-1-en-capsulas-fairy-56-ud-fairy/R-prod1070448/p
Limpieza y hogar,Lejía perfumada Frescor Floral Conejo 2 l.,"1,51 €","0,86 €/l",https://www.carrefour.es/supermercado/lejia-perfumada-frescor-floral-conejo-2-l-conejo/R-521012208/p
Limpieza y hogar,Papel de cocina ultra absorbente 3 capas Foxy 2 rollos.,"3,59 €","1,35 €/ud",https://www.carrefour.es/supermercado/papel-de-cocina-ultra-absorbente-3-capas-foxy-2-rollos-foxy/R-800655472/p
Limpieza y hogar,15 Bolsas de basura Reciclaje envases Handy Bag 30 Litros - Amarillas,"1,28 €","0,19 €/ud",https://www.carrefour.es/supermercado/15-bolsas-de-basura-reciclaje-envases-handy-bag-30-litros-amarillas/R-787404019/p
Limpieza y hogar,Limpiador desinfectante multiusos frescor Lysol 500 ml.,"2,20 €","4,10 €/l",https://www.carrefour.es/supermercado/limpiador-desinfectante-multiusos-frescor-lysol-500-ml/R-VC4AECOMM-569547/p
Limpieza y hogar,"Limpia limón Don Limpio 1,5 l.","1,81 €","1,47 €/l",https://www.carrefour.es/supermercado/limpia-limon-don-limpio-1-5-l-don-limpio/R-637701774/p
Limpieza y hogar,Limpiador de hornos con soda cáustica Carrefour 500 ml.,"2,60 €","3,62 €/l",https://www.carrefour.es/supermercado/limpiador-de-hornos-con-soda-caustica-carrefour-500-ml-carrefour/R-650501947/p
Limpieza y hogar,15 Bolsas de basura Handy Bag Resistente Antibacterias 20 Litros - Azul,"1,51 €","0,17 €/ud",https://www.carrefour.es/supermercado/15-bolsas-de-basura-handy-bag-resistente-antibacterias-20-litros-azul-handy-bag/R-848100479/p
Limpieza y hogar,Limpiador antical en gel ' Stop Calc' Carrefour 750 ml.,"0,75 €","2,01 €/l",https://www.carrefour.es/supermercado/limpiador-antical-en-gel-stop-calc-carrefour-750-ml-carrefour/R-521001236/p
Limpieza y hogar,Agua fuerte Salfumant Carrefour 1 l.,"12,35 €","0,75 €/l",https://www.carrefour.es/supermercado/agua-fuerte-salfumant-carrefour-1-l-carrefour/R-848100461/p
Limpieza y hogar,Detergente líquido Wipp Express 50 lavados.,"2,95 €","0,25 €/lavado",https://www.carrefour.es/supermercado/detergente-liquido-wipp-express-50-lavados-wipp-express/R-679501775/p
Limpieza y hogar,"Limpiador concentrado para mármol, granito y cerámica Las 3 Brujas 1 l.","0,99 €","2,95 €/l",https://www.carrefour.es/supermercado/limpiador-concentrado-para-marmol-granito-y-ceramica-las-3-brujas-1-l-las-3-brujas/R-814300113/p
Limpieza y hogar,Colgador WC aroma marino Carrefour 4 ud.,"2,20 €","0,25 €/ud",https://www.carrefour.es/supermercado/colgador-wc-aroma-marino-carrefour-4-ud-carrefour/R-694608966/p
Limpieza y hogar,"Limpiahogar frescor algodon Don Limpio 1,5 l.","2,25 €","1,47 €/l",https://www.carrefour.es/supermercado/limpiahogar-frescor-algodon-don-limpio-1-5-l-don-limpio/R-580201513/p
Limpieza y hogar,Papel de cocina ultra fuerte Scottex 2 rollos.,"5,40 €","1,12 €/ud",https://www.carrefour.es/supermercado/papel-de-cocina-ultra-fuerte-scottex-2-rollos/R-VC4AECOMM-480371/p
Limpieza y hogar,Detergente en cápsulas marsellas y flores de naranjo Carrefour 30 ud.,"1,71 €","0,18 €/ud",https://www.carrefour.es/supermercado/detergente-en-capsulas-marsellas-y-flores-de-naranjo-carrefour-30-ud-carrefour/R-prod820346/p
Limpieza y hogar,Gel WC acción higienizante con lejía Ace 700 ml.,"2,25 €","2,71 €/l",https://www.carrefour.es/supermercado/gel-wc-accion-higienizante-con-lejia-ace-700-ml-ace/R-795740598/p
Limpieza y hogar,Fregona Trenzada CARREFOUR - Bicolor,"5,03 €","1,71 €/ud",https://www.carrefour.es/supermercado/fregona-trenzada-carrefour-bicolor-carrefour/R-prod810073/p
Limpieza y hogar,Limpiador de baño con lejía aroma limón en gel WC Net 750 ml.,"9,35 €","3,00 €/l",https://www.carrefour.es/supermercado/limpiador-de-bano-con-lejia-aroma-limon-en-gel-wc-net-750-ml-wc-net/R-521008348/p
Limpieza y hogar,Quitamanchas desinfectante en polvo Sanytol 450 g.,"18,15 €","11,18 €/kg",https://www.carrefour.es/supermercado/quitamanchas-desinfectante-en-polvo-sanytol-450-g-sanytol/R-827513253/p
Limpieza y hogar,Detergente en polvo Colon 50 cacitos,"2,40 €","0,19 €/lavado",https://www.carrefour.es/supermercado/detergente-en-polvo-colon-50-cacitos-colon/R-737026486/p
Limpieza y hogar,Papel higiénico Megarollo Scottex 40 rollos.,"0,90 €","0,45 €/ud",https://www.carrefour.es/supermercado/papel-higienico-megarollo-scottex-40-rollos-scottex/R-765009717/p
Limpieza y hogar,Limpiador de inodoros Pato 750 ml.,"1,99 €","3,20 €/l",https://www.carrefour.es/supermercado/limpiador-de-inodoros-pato-750-ml-pato/R-521001278/p
Limpieza y hogar,Ambientador aerosol Colonia Carrefour 300 ml.,"1,99 €","3,00 €/l",https://www.carrefour.es/supermercado/ambientador-aerosol-colonia-carrefour-300-ml-carrefour/R-692501698/p
Limpieza y hogar,Pañuelos compact resistente a la lavadora Colhogar 24 ud.,"1,42 €","0,08 €/ud",https://www.carrefour.es/supermercado/panuelos-compact-resistente-a-la-lavadora-colhogar-24-ud-colhogar/R-fprod1320385/p
Limpieza y hogar,3 Estropajos Salvauñas Classic Scotch Brite - Verde,"4,20 €","0,66 €/ud",https://www.carrefour.es/supermercado/3-estropajos-salvaunas-classic-scotch-brite-verde-scotch-brite/R-527018095/p
Limpieza y hogar,Bolsa Antibacterias Autocierre 50 Litros 10 ud - Azul,"2,90 €","0,29 €/ud",https://www.carrefour.es/supermercado/bolsa-antibacterias-autocierre-50-litros-10-ud-azul-handy-bag/R-526001904/p
Limpieza y hogar,Fregasuelos multi superficies frescor intenso higieniza y perfuma aroma brisa polar Disiclin 1000 ml.,"1,59 €","1,59 €/l",https://www.carrefour.es/supermercado/fregasuelos-multi-superficies-frescor-intenso-higieniza-y-perfuma-aroma-brisa-polar-disiclin-1000-ml-disiclin/R-fprod1220438/p
Limpieza y hogar,Estropajo de Fibra con Esponja SPONTEX Universal No Raya,"1,60 €","0,80 €/ud",https://www.carrefour.es/supermercado/estropajo-de-fibra-con-esponja-spontex-universal-no-raya/R-VC4AECOMM-559301/p
Limpieza y hogar,Toallitas WC para niños de +3 años Dodot-Kandoo 120 ud.,"5,25 €","0,04 €/ud",https://www.carrefour.es/supermercado/toallitas-wc-para-ninos-de-3-anos-dodot-kandoo-120-ud-dodot-kandoo/R-521028532/p
Limpieza y hogar,Limpiamuebles ceras Carrefour 300 ml.,"1,19 €","3,97 €/l",https://www.carrefour.es/supermercado/limpiamuebles-ceras-carrefour-300-ml-carrefour/R-646601803/p
Limpieza y hogar,Bolsas multiusos cierre cremallera Carrefour 25 ud.,"1,77 €","0,07 €/ud",https://www.carrefour.es/supermercado/bolsas-multiusos-cierre-cremallera-carrefour-25-ud-carrefour/R-prod410325/p
Limpieza y hogar,Detergente líquido Active Clean Skip 100 lavados,"16,15 €","0,16 €/lavado",https://www.carrefour.es/supermercado/detergente-liquido-active-clean-skip-100-lavados-skip/R-prod860616/p
Limpieza y hogar,"Lejia perfumada con detergente azul Lagarto 1,5 l.","1,26 €","0,84 €/l",https://www.carrefour.es/supermercado/lejia-perfumada-con-detergente-azul-lagarto-1-5-l/R-VC4AECOMM-843353/p
Limpieza y hogar,Papel de aluminio Carrefour 100 metros.,"4,15 €","0,04 €/m",https://www.carrefour.es/supermercado/papel-de-aluminio-carrefour-100-metros-carrefour/R-827617799/p
Limpieza y hogar,2 Estropajos con esponja Carrefour - Azul,"0,70 €","0,35 €/ud",https://www.carrefour.es/supermercado/2-estropajos-con-esponja-carrefour-azul-carrefour/R-609800956/p
Limpieza y hogar,"Lavavajillas a mano frescor de limón Producto Blanco 1,3 l.","0,89 €","0,68 €/l",https://www.carrefour.es/supermercado/lavavajillas-a-mano-frescor-de-limon-producto-blanco-1-3-l/R-VC4AECOMM-490076/p
Limpieza y hogar,Papel higiénico 3 capas suaves acolchado Scottex 32 rollos.,"13,97 €","0,44 €/ud",https://www.carrefour.es/supermercado/papel-higienico-3-capas-suaves-acolchado-scottex-32-rollos-scottex/R-521001201/p
Limpieza y hogar,Detergente en cápsulas 3 en 1 Alpine Ariel 50 ud.,"2,50 €","0,32 €/lavado",https://www.carrefour.es/supermercado/detergente-en-capsulas-3-en-1-alpine-ariel-50-ud-ariel/R-prod730958/p
Limpieza y hogar,Limpia máquinas duo Somat 3 ud.,"2,50 €","0,83 €/ud",https://www.carrefour.es/supermercado/limpia-maquinas-duo-somat-3-ud-somat/R-819256156/p
Limpieza y hogar,Bayetas Multiusos Sintética BALLERINA 3 ud - Amarilla,"1,42 €","0,83 €/ud",https://www.carrefour.es/supermercado/bayetas-multiusos-sintetica-ballerina-3-ud-amarilla-ballerina/R-521032833/p
Limpieza y hogar,Fregasuelos aroma limón Xanpa 1 l.,"3,90 €","1,42 €/l",https://www.carrefour.es/supermercado/fregasuelos-aroma-limon-xanpa-1-l-xanpa/R-521001779/p
Limpieza y hogar,Limpiador de vitrocerámica en espuma KH-7 750 ml.,"1,42 €","5,20 €/l",https://www.carrefour.es/supermercado/limpiador-de-vitroceramica-en-espuma-kh-7-750-ml-kh-7/R-530363114/p
Limpieza y hogar,Quitamanchas textil spray Oxi Power Carrefour 500 ml.,"4,75 €","2,84 €/l",https://www.carrefour.es/supermercado/quitamanchas-textil-spray-oxi-power-carrefour-500-ml-carrefour/R-prod860699/p
Limpieza y hogar,Lavavajillas máquina Todo en 1 en pastillas Calgonit Finish 85 ud.,"1,92 €","0,23 €/lavado",https://www.carrefour.es/supermercado/lavavajillas-maquina-todo-en-1-en-pastillas-calgonit-finish-85-ud-finish/R-836507155/p
Limpieza y hogar,Desatascador con lejía en gel WC Net 1 l.,"8,65 €","4,75 €/l",https://www.carrefour.es/supermercado/desatascador-con-lejia-en-gel-wc-net-1-l-wc-net/R-521001266/p
Limpieza y hogar,Papel higiénico Megarollo Scottex 20 rollos.,"3,80 €","0,53 €/ud",https://www.carrefour.es/supermercado/papel-higienico-megarollo-scottex-20-rollos-scottex/R-789547837/p
Limpieza y hogar,Quitamanchas ropa de color en polvi 4 Vanish Oxi-Action 900 g.,"2,69 €","8,73 €/kg",https://www.carrefour.es/supermercado/quitamanchas-ropa-de-color-en-polvi-4-vanish-oxi-action-900-g-vanish-oxiaction/R-fprod1270041/p
Limpieza y hogar,Quitagrasa aroma cítrico KH-7 750 ml.,"1,00 €","3,59 €/l",https://www.carrefour.es/supermercado/quitagrasa-aroma-citrico-kh-7-750-ml-kh-7/R-575701501/p
Limpieza y hogar,Escoba Multiusos VIGAR - Surtido,"1,50 €","1,00 €/ud",https://www.carrefour.es/supermercado/escoba-multiusos-vigar-surtido-vigar/R-829517853/p
Limpieza y hogar,Bolsa de Basura ALFAPAC Especial Orgánicos 20l 20 ud 45x55 - Negro,"1,40 €","0,07 €/ud",https://www.carrefour.es/supermercado/bolsa-de-basura-alfapac-especial-organicos-20l-20-ud-45x55-negro/R-VC4AECOMM-485804/p
Limpieza y hogar,Estropajo Niquel Nanas - Inox,"1,79 €","1,40 €/ud",https://www.carrefour.es/supermercado/estropajo-niquel-nanas-inox-nanas/R-655301736/p
Limpieza y hogar,Suavizante concentrado florales jazmín Mimosín 78 lavados.,"1,10 €","0,05 €/lavado",https://www.carrefour.es/supermercado/suavizante-concentrado-florales-jazmin-mimosin-78-lavados-mimosin/R-prod240572/p
Limpieza y hogar,"Lejía lavadora perfumada frescor verde acción total Neutrex 1,8 l.","2,39 €","0,99 €/l",https://www.carrefour.es/supermercado/lejia-lavadora-perfumada-frescor-verde-accion-total-neutrex-1-8-l/R-VC4AECOMM-444387/p
Limpieza y hogar,Fregona Tiras - Estampada,"8,93 €","1,10 €/ud",https://www.carrefour.es/supermercado/fregona-tiras-estampada-carrefour/R-609801582/p
Limpieza y hogar,"Limpiahogar aroma aloe vera Tenn 1,3 l.","2,05 €","1,84 €/l",https://www.carrefour.es/supermercado/limpiahogar-aroma-aloe-vera-tenn-1-3-l-tenn/R-521001813/p
Limpieza y hogar,Gel para lavavajillas limón desengrasante Finish 50 lavados.,"1,40 €","0,18 €/lavado",https://www.carrefour.es/supermercado/gel-para-lavavajillas-limon-desengrasante-finish-50-lavados-finish/R-835176073/p
Limpieza y hogar,Limpiador de vitrocerámica e inducción en crema Carrefour 500 ml.,"3,20 €","4,10 €/l",https://www.carrefour.es/supermercado/limpiador-de-vitroceramica-e-induccion-en-crema-carrefour-500-ml-carrefour/R-prod970046/p
Limpieza y hogar,Bolsa de Basura sin Autocierre CARREFOUR 30 l 40 ud - Negro,"3,05 €","0,03 €/ud",https://www.carrefour.es/supermercado/bolsa-de-basura-sin-autocierre-carrefour-30-l-40-ud-negro/R-760001304/p
Limpieza y hogar,Papel de cocina para todo Colhogar 1 rollo.,"2,90 €","3,20 €/ud",https://www.carrefour.es/supermercado/papel-de-cocina-para-todo-colhogar-1-rollo-colhogar/R-764323701/p
Limpieza y hogar,Limpiador antical en gel Viakal 750 ml.,"1,21 €","4,07 €/l",https://www.carrefour.es/supermercado/limpiador-antical-en-gel-viakal-750-ml-viakal/R-521028538/p
Limpieza y hogar,Papel higiénico 5 capas Carrefour 6 rollos.,"2,35 €","0,48 €/ud",https://www.carrefour.es/supermercado/papel-higienico-5-capas-carrefour-6-rollos-carrefour/R-590207745/p
Limpieza y hogar,LEJIA HOGAR CARREFOUR 5LT,"4,25 €","0,24 €/l",https://www.carrefour.es/supermercado/lejia-hogar-carrefour-5lt-carrefour/R-544501839/p
Limpieza y hogar,Limpiador multiusos Las 3 Brujas 750 ml.,"3,10 €","3,13 €/l",https://www.carrefour.es/supermercado/limpiador-multiusos-las-3-brujas-750-ml-las-3-brujas/R-857400486/p
Limpieza y hogar,Limpiador en spray con lejia Cillit Bang 750 ml.,"3,45 €","5,67 €/l",https://www.carrefour.es/supermercado/limpiador-en-spray-con-lejia-cillit-bang-750-ml-cillit-bang/R-546101974/p
Limpieza y hogar,Papel higiénico 5 capas Cotton Foxy 4 rollos.,"5,10 €","0,77 €/ud",https://www.carrefour.es/supermercado/papel-higienico-5-capas-cotton-foxy-4-rollos-foxy/R-prod64478/p
Limpieza y hogar,PAPEL COC.MAXIROLL CRF 6 ROLLO,"4,15 €","0,58 €/ud",https://www.carrefour.es/supermercado/papel-cocmaxiroll-crf-6-rollo-carrefour/R-521001414/p
Limpieza y hogar,Toallitas captura colores Protect Iberia 25 ud.,"0,90 €","0,20 €/ud",https://www.carrefour.es/supermercado/toallitas-captura-colores-protect-iberia-25-ud-iberia/R-prod700498/p
Limpieza y hogar,Detergente líquido cerezas de Japón Carrefour 40 lavados.,"3,85 €","0,10 €/lavado",https://www.carrefour.es/supermercado/detergente-liquido-cerezas-de-japon-carrefour-40-lavados-carrefour/R-prod550020/p
Limpieza y hogar,Quitamanchas ropa de color en polvi 4 Vanish Oxi-Action 450 g.,"4,85 €","10,78 €/kg",https://www.carrefour.es/supermercado/quitamanchas-ropa-de-color-en-polvi-4-vanish-oxi-action-450-g-vanish-oxiaction/R-fprod1270042/p
Limpieza y hogar,Papel higiénico ultrasoft tacto de seda Foxy 9 rollos.,"3,60 €","0,40 €/ud",https://www.carrefour.es/supermercado/papel-higienico-ultrasoft-tacto-de-seda-foxy-9-rollos/R-VC4AECOMM-477714/p
Limpieza y hogar,Quitamanchas ropa blanca en polvo 5 Vanish Oxi-Action 450 g.,"4,85 €","10,78 €/kg",https://www.carrefour.es/supermercado/quitamanchas-ropa-blanca-en-polvo-5-vanish-oxi-action-450-g-vanish-oxiaction/R-fprod1270030/p
Limpieza y hogar,Detergente Líquido 2 en 1 Vanish Colon 40 lavados.,"4,70 €","0,22 €/lavado",https://www.carrefour.es/supermercado/detergente-liquido-2-en-1-vanish-colon-40-lavados-colon/R-fprod1320013/p
Limpieza y hogar,Lavavajillas a mano original Fairy Ultra Poder 1015 ml.,"1,99 €","4,63 €/l",https://www.carrefour.es/supermercado/lavavajillas-a-mano-original-fairy-ultra-poder-1015-ml/R-VC4AECOMM-457095/p
Limpieza y hogar,Recogedor con Palo Carrefour - Verde,"3,95 €","1,99 €/ud",https://www.carrefour.es/supermercado/recogedor-con-palo-carrefour-verde-carrefour/R-833911032/p
Limpieza y hogar,Limpia lavadoras Higienizante Sanytol 250 ml.,"14,25 €","15,80 €/l",https://www.carrefour.es/supermercado/limpia-lavadoras-higienizante-sanytol-250-ml-sanytol/R-prod840901/p
Limpieza y hogar,Gel para lavavajillas Oro anti grasa Somat pack de 2 unidades de 50 lavados.,"2,39 €","0,14 €/lavado",https://www.carrefour.es/supermercado/gel-para-lavavajillas-oro-anti-grasa-somat-pack-de-2-unidades-de-50-lavados-somat/R-prod380320/p
Limpieza y hogar,Detergente liquido delicate con jabón de marsella Carrefour Expert 40 lavados.,"2,10 €","0,06 €/lavado",https://www.carrefour.es/supermercado/detergente-liquido-delicate-con-jabon-de-marsella-carrefour-expert-40-lavados/R-VC4AECOMM-513535/p
Limpieza y hogar,Suavizante concentrado hipoalergénico para pieles sensibles ecológico Frosch Baby 31 lavados.,"1,54 €","0,07 €/lavado",https://www.carrefour.es/supermercado/suavizante-concentrado-hipoalergenico-para-pieles-sensibles-ecologico-frosch-baby-31-lavados-frosch-baby/R-801540501/p
Limpieza y hogar,Ambientador desodorante de lavavajillas aroma limón Carrefour aparato + 2 recambios.,"1,78 €","1,54 €/ud",https://www.carrefour.es/supermercado/ambientador-desodorante-de-lavavajillas-aroma-limon-carrefour-aparato-2-recambios-carrefour/R-521001515/p
Limpieza y hogar,Bolsas de congelación medianas Albal 40 ud.,"4,75 €","0,06 €/ud",https://www.carrefour.es/supermercado/bolsas-de-congelacion-medianas-albal-40-ud-albal/R-521001396/p
Limpieza y hogar,Caja de pañuelos Collection Kleenex 56 ud.,"4,75 €","0,03 €/ud",https://www.carrefour.es/supermercado/caja-de-panuelos-collection-kleenex-56-ud-kleenex/R-546307094/p
Limpieza y hogar,Discos wc activos inodoros frescor marino recambio Pato 2 ud.,"2,10 €","2,37 €/ud",https://www.carrefour.es/supermercado/discos-wc-activos-inodoros-frescor-marino-recambio-pato-2-ud-pato/R-583401543/p
Limpieza y hogar,Detergente líquido para ropa oscura Perlan 25 lavados.,"6,80 €","0,19 €/lavado",https://www.carrefour.es/supermercado/detergente-liquido-para-ropa-oscura-perlan-25-lavados-perlan/R-prod190079/p
Limpieza y hogar,Fregona Multiusos Ultrasec Scotch Brite - Verde,"4,40 €","2,10 €/ud",https://www.carrefour.es/supermercado/fregona-multiusos-ultrasec-scotch-brite-verde-scotch-brite/R-526548127/p
Limpieza y hogar,Suavizante concentrado azul vital Mimosín 166 lavados.,"1,00 €","0,04 €/lavado",https://www.carrefour.es/supermercado/suavizante-concentrado-azul-vital-mimosin-166-lavados-mimosin/R-prod240702/p
Limpieza y hogar,25 Bolsas de basura Maxi Rollo Perfumadas Handy Bag 30 l - Morado,"11,90 €","0,18 €/ud",https://www.carrefour.es/supermercado/25-bolsas-de-basura-maxi-rollo-perfumadas-handy-bag-30-l-morado/R-815722286/p
Limpieza y hogar,Suavizante concentrado dulces sueños Mimosín 78 lavados.,"6,35 €","0,05 €/lavado",https://www.carrefour.es/supermercado/suavizante-concentrado-dulces-suenos-mimosin-78-lavados-mimosin/R-prod1100068/p
Limpieza y hogar,Detergente en jabón a mano natural Lagarto 250 g.,"4,05 €","4,00 €/kg",https://www.carrefour.es/supermercado/detergente-en-jabon-a-mano-natural-lagarto-250-g/R-VC4AECOMM-477047/p
Limpieza y hogar,Pack de 30 Pilas Alcalinas I-Tech Carrefour Lr03 (Aaa),"3,00 €","0,40 €/ud",https://www.carrefour.es/supermercado/pack-de-30-pilas-alcalinas-i-tech-carrefour-lr03-aaa-carrefour/R-613004712/p
Limpieza y hogar,Detergente líquido ropa de color Norit 40 lavados,"6,00 €","0,15 €/lavado",https://www.carrefour.es/supermercado/detergente-liquido-ropa-de-color-norit-40-lavados-norit/R-760342328/p
Limpieza y hogar,Suavizante Creaciones flores de Tiaré y frutos rojos Mimosín 58 lavados.,"2,95 €","0,06 €/lavado",https://www.carrefour.es/supermercado/suavizante-creaciones-flores-de-tiare-y-frutos-rojos-mimosin-58-lavados-mimosin/R-prod250330/p
Limpieza y hogar,Limpiador desinfectante Las 3 Brujas 1 l.,"3,74 €","2,95 €/l",https://www.carrefour.es/supermercado/limpiador-desinfectante-las-3-brujas-1-l-las-3-brujas/R-814144330/p
Limpieza y hogar,Detergente en cápsulas Ultra Oxy Effect All in 1 Pods Ariel 43 lavados.,"0,50 €","0,37 €/lavado",https://www.carrefour.es/supermercado/detergente-en-capsulas-ultra-oxy-effect-all-in-1-pods-ariel-43-lavados/R-VC4AECOMM-477717/p
Limpieza y hogar,"LIMPIAH.DON LIMPIO MADERA 2,7L","8,30 €","1,39 €/l",https://www.carrefour.es/supermercado/limpiahdon-limpio-madera-2-7l-don-limpio/R-526423836/p
Limpieza y hogar,Ambientador Flores Blancas 1 ud.,"12,10 €","3,33 €/kg",https://www.carrefour.es/supermercado/ambientador-flores-blancas-1-ud-producto-blanco/R-551303339/p
Limpieza y hogar,Detergente liquido optimal clen frescor alpino expert Carrefour 76 lavados.,"2,30 €","0,11 €/lavado",https://www.carrefour.es/supermercado/detergente-liquido-optimal-clen-frescor-alpino-expert-carrefour-76-lavados/R-VC4AECOMM-465769/p
Limpieza y hogar,Detergente líquido Dixan Total 70 lavados.,"5,15 €","0,17 €/lavado",https://www.carrefour.es/supermercado/detergente-liquido-dixan-total-70-lavados-dixan/R-fprod1400018/p
Limpieza y hogar,Limpiador multiusos Glassex 750 ml.,"3,00 €","3,07 €/l",https://www.carrefour.es/supermercado/limpiador-multiusos-glassex-750-ml-glassex/R-521002267/p
Limpieza y hogar,Papel de aluminio Albal 50 metros.,"2,10 €","0,10 €/m",https://www.carrefour.es/supermercado/papel-de-aluminio-albal-50-metros-albal/R-546102392/p
Limpieza y hogar,Papel de cocina compacto Foxy 3 rollos.,"1,99 €","1,00 €/ud",https://www.carrefour.es/supermercado/papel-de-cocina-compacto-foxy-3-rollos-foxy/R-818615362/p
Limpieza y hogar,3 Estropajos Multiusos Fibra con esponja VILEDA - Verde,"2,85 €","1,05 €/ud",https://www.carrefour.es/supermercado/3-estropajos-multiusos-fibra-con-esponja-vileda-verde-vileda/R-prod380779/p
Limpieza y hogar,Bolsa de Basura RELEVO 30l 15 ud - Amarilla,"2,09 €","0,13 €/ud",https://www.carrefour.es/supermercado/bolsa-de-basura-relevo-30l-15-ud-amarilla-relevo/R-fprod1360136/p
Limpieza y hogar,Detergente en cápsulas 3 en 1 Color & Style Ariel 50 ud.,"5,55 €","0,32 €/lavado",https://www.carrefour.es/supermercado/detergente-en-capsulas-3-en-1-color-style-ariel-50-ud-ariel/R-prod730960/p
Limpieza y hogar,Papel higiénico mega3 Foxy 4 rollos.,"1,42 €","0,71 €/ud",https://www.carrefour.es/supermercado/papel-higienico-mega3-foxy-4-rollos-foxy/R-536001730/p
Limpieza y hogar,Papel de cocina compacto ecológico Carrefour Eco Planet 2 rollos.,"3,10 €","1,04 €/ud",https://www.carrefour.es/supermercado/papel-de-cocina-compacto-ecologico-carrefour-eco-planet-2-rollos-carrefour-eco-planet/R-782401335/p
Limpieza y hogar,Pastillas para lavavajillas todo en 1 Ultra Tabs Carrefour 40 ud.,"1,60 €","0,14 €/ud",https://www.carrefour.es/supermercado/pastillas-para-lavavajillas-todo-en-1-ultra-tabs-carrefour-40-ud-carrefour/R-prod1000170/p
Limpieza y hogar,Lavavajillas a mano diluido original Mistol 900 ml.,"1,60 €","1,58 €/l",https://www.carrefour.es/supermercado/lavavajillas-a-mano-diluido-original-mistol-900-ml-mistol/R-521001349/p
Limpieza y hogar,Ambientador varillas Frutos rojos Carrefour 45 ml.,"3,25 €","3,10 €/ud",https://www.carrefour.es/supermercado/ambientador-varillas-frutos-rojos-carrefour-45-ml-carrefour/R-prod610049/p
Limpieza y hogar,"Fregasuelos con lejia y detergente pino Estrella 1,35 l.","2,15 €","1,19 €/l",https://www.carrefour.es/supermercado/fregasuelos-con-lejia-y-detergente-pino-estrella-1-35-l/R-VC4AECOMM-443087/p
Limpieza y hogar,Gel desatascador turbo tuberias Carrefour 500 ml.,"10,95 €","3,20 €/l",https://www.carrefour.es/supermercado/gel-desatascador-turbo-tuberias-carrefour-500-ml/R-VC4AECOMM-487704/p
Limpieza y hogar,Lavavajillas a mano Ultra Plus Mistol 950 ml.,"2,05 €","2,16 €/l",https://www.carrefour.es/supermercado/lavavajillas-a-mano-ultra-plus-mistol-950-ml-mistol/R-582102612/p
Limpieza y hogar,Detergente en polvo de Marsella Carrefour 100 lavados.,"8,93 €","0,09 €/lavado",https://www.carrefour.es/supermercado/detergente-en-polvo-de-marsella-carrefour-100-lavados-carrefour/R-758904352/p
Limpieza y hogar,Set de 8 Bayetas Microfibras SPONTEX,"5,10 €","0,64 €/ud",https://www.carrefour.es/supermercado/set-de-8-bayetas-microfibras-spontex/R-844803442/p
Limpieza y hogar,Set de Servilletas 2 capas de Celulosa RENOVA Cocktail 90pz - Blancas,"1,70 €","0,02 €/ud",https://www.carrefour.es/supermercado/set-de-servilletas-2-capas-de-celulosa-renova-cocktail-90pz-blancas-renova/R-817868739/p
Limpieza y hogar,Rollo de bayetas Multiusos Carrefour - Amarilla,"1,20 €","0,60 €/m",https://www.carrefour.es/supermercado/rollo-de-bayetas-multiusos-carrefour-amarilla-carrefour/R-609302146/p
Limpieza y hogar,Colgador WC aroma lavanda Carrefour 4 ud.,"0,99 €","0,25 €/ud",https://www.carrefour.es/supermercado/colgador-wc-aroma-lavanda-carrefour-4-ud-carrefour/R-700707644/p
Limpieza y hogar,"Fregasuelos para parqué Carrefour 1,5 l.","1,20 €","0,80 €/l",https://www.carrefour.es/supermercado/fregasuelos-para-parque-carrefour-1-5-l-carrefour/R-740504209/p
Limpieza y hogar,Film transparente 3 en 1 Carrefour 30 metros.,"1,28 €","0,04 €/m",https://www.carrefour.es/supermercado/film-transparente-3-en-1-carrefour-30-metros-carrefour/R-prod270519/p
Limpieza y hogar,Pack Servilletas Ecológicas RENOVA 90 uds - Beige,"1,50 €","1,50 €/ud",https://www.carrefour.es/supermercado/pack-servilletas-ecologicas-renova-90-uds-beige-renova/R-prod720112/p
Limpieza y hogar,Guante Desechable Vinilo SPONTEX Protect Talla 7 100 ud,"11,95 €","11,95 €/ud",https://www.carrefour.es/supermercado/guante-desechable-vinilo-spontex-protect-talla-7-100-ud/R-VC4AECOMM-551153/p
Limpieza y hogar,Discos wc activos inodoros lima aparato + recambio Pato 1 ud.,"2,90 €","2,90 €/ud",https://www.carrefour.es/supermercado/discos-wc-activos-inodoros-lima-aparato-recambio-pato-1-ud-pato/R-prod420397/p
Limpieza y hogar,Perfume para la ropa en perlas concentradas fresh Unstoppables Lenor 210 g.,"5,55 €","26,43 €/kg",https://www.carrefour.es/supermercado/perfume-para-la-ropa-en-perlas-concentradas-fresh-unstoppables-lenor-210-g-lenor/R-prod930263/p
Limpieza y hogar,Lavavajillas a mano aroma menta y romero ecológico Carrefour Eco Planet 500 ml.,"0,99 €","1,98 €/l",https://www.carrefour.es/supermercado/lavavajillas-a-mano-aroma-menta-y-romero-ecologico-carrefour-eco-planet-500-ml-carrefour-eco-planet/R-fprod1250066/p
Limpieza y hogar,Quitagrasas KH-7 900 ml.,"3,69 €","4,10 €/l",https://www.carrefour.es/supermercado/quitagrasas-kh-7-900-ml-kh-7/R-prod780146/p
Limpieza y hogar,Suavizante concentrado lavanda Mimosín 78 lavados.,"2,90 €","0,05 €/lavado",https://www.carrefour.es/supermercado/suavizante-concentrado-lavanda-mimosin-78-lavados-mimosin/R-prod240588/p
Limpieza y hogar,Papel de cocina ecológico Renova 1 rollo.,"3,85 €","2,90 €/ud",https://www.carrefour.es/supermercado/papel-de-cocina-ecologico-renova-1-rollo-renova/R-521016269/p
Limpieza y hogar,Limpiador jabonoso para madera Pronto 750 ml.,"1,80 €","5,13 €/l",https://www.carrefour.es/supermercado/limpiador-jabonoso-para-madera-pronto-750-ml-pronto/R-521001746/p
Limpieza y hogar,Filtros de Café CARREFOUR 100 ud - Blanco,"0,99 €","0,02 €/ud",https://www.carrefour.es/supermercado/filtros-de-cafe-carrefour-100-ud-blanco-carrefour/R-521007574/p
Limpieza y hogar,Paquete pinzas plástico Style 24 ud - Surtido,"1,06 €","0,04 €/ud",https://www.carrefour.es/supermercado/paquete-pinzas-plastico-style-24-ud-surtido/R-prod520148/p
Limpieza y hogar,Limpiamuebles antiestatico Carrefour 300 ml.,"0,90 €","3,53 €/l",https://www.carrefour.es/supermercado/limpiamuebles-antiestatico-carrefour-300-ml-carrefour/R-646601801/p
Limpieza y hogar,Ambientador lavanda Carrefour 300 ml.,"11,99 €","3,00 €/l",https://www.carrefour.es/supermercado/ambientador-lavanda-carrefour-300-ml-carrefour/R-819114610/p
Limpieza y hogar,Lavavajillas a máquina en pastillas quantum max Finish Powerball 36 ud.,"8,90 €","0,33 €/lavado",https://www.carrefour.es/supermercado/lavavajillas-a-maquina-en-pastillas-quantum-max-finish-powerball-36-ud-finish/R-521001491/p
Limpieza y hogar,Detergente líquido adiós al separar Dixan Total 50 lavados.,"2,15 €","0,18 €/lavado",https://www.carrefour.es/supermercado/detergente-liquido-adios-al-separar-dixan-total-50-lavados-dixan/R-prod830374/p
Limpieza y hogar,Gel WC ecualipto ecológico Carefour Eco Planet 750 ml.,"1,18 €","1,57 €/l",https://www.carrefour.es/supermercado/gel-wc-ecualipto-ecologico-carefour-eco-planet-750-ml/R-VC4AECOMM-476716/p
Limpieza y hogar,Limpiador para cocinas y baños multidesinfección Sani Centro 2 l.,"2,10 €","1,05 €/l",https://www.carrefour.es/supermercado/limpiador-para-cocinas-y-banos-multidesinfeccion-sani-centro-2-l-sani-centro/R-839601471/p
Limpieza y hogar,Bolsa de Basura ALFAPAC Cubo Alto Especial Envases 30l 20 ud 50x75 - Amarillo,"1,95 €","0,10 €/ud",https://www.carrefour.es/supermercado/bolsa-de-basura-alfapac-cubo-alto-especial-envases-30l-20-ud-50x75-amarillo/R-VC4AECOMM-485802/p
Limpieza y hogar,Papel higiénico seda neutro para la piel Foxy 9 rollos.,"4,80 €","0,53 €/ud",https://www.carrefour.es/supermercado/papel-higienico-seda-neutro-para-la-piel-foxy-9-rollos-foxy/R-826435048/p
Limpieza y hogar,Limpiacristales en pistola multiusos Cristasol 750 ml.,"2,30 €","3,07 €/l",https://www.carrefour.es/supermercado/limpiacristales-en-pistola-multiusos-cristasol-750-ml-cristasol/R-521002265/p
Limpieza y hogar,Ambientador de lavavajillas aroma limón Finish 1 ud.,"3,15 €","3,15 €/ud",https://www.carrefour.es/supermercado/ambientador-de-lavavajillas-aroma-limon-finish-1-ud-finish/R-521001525/p
Limpieza y hogar,Ambientador automático Flores Blancas recambio Carrefour 1 ud.,"1,80 €","7,20 €/l",https://www.carrefour.es/supermercado/ambientador-automatico-flores-blancas-recambio-carrefour-1-ud-carrefour/R-736419786/p
Limpieza y hogar,Flor Suavizante Hiper Ahorro Nenuco 156 Lavados,"1,44 €","0,04 €/lavado",https://www.carrefour.es/supermercado/flor-suavizante-hiper-ahorro-nenuco-156-lavados-flor/R-770612707/p
Limpieza y hogar,Papel de cocina Renova 1 rollo.,"3,90 €","1,44 €/ud",https://www.carrefour.es/supermercado/papel-de-cocina-renova-1-rollo-renova/R-722005741/p
Limpieza y hogar,Paquete 500 Hojas 80 gr DIN A4,"3,05 €","0,01 €/ud",https://www.carrefour.es/supermercado/paquete-500-hojas-80-gr-din-a4-carrefour/R-521034284/p
Limpieza y hogar,BORRADOR MAGICO D.LIMPIO 2 UND,"3,80 €","1,52 €/ud",https://www.carrefour.es/supermercado/borrador-magico-dlimpio-2-und-don-limpio/R-521001791/p
Limpieza y hogar,Gel para lavavajillas Oro frescor anti-olor con vinagre Somat 50 lavados.,"2,30 €","0,17 €/lavado",https://www.carrefour.es/supermercado/gel-para-lavavajillas-oro-frescor-anti-olor-con-vinagre-somat-50-lavados-somat/R-719204061/p
Limpieza y hogar,"LIMPIAD.TENN BIOALC. 2,5L","2,10 €","1,52 €/l",https://www.carrefour.es/supermercado/limpiadtenn-bioalc-2-5l-tenn/R-526413187/p
Limpieza y hogar,Fregona de tiras Style VILEDA - Rosa,"3,15 €","2,30 €/ud",https://www.carrefour.es/supermercado/fregona-de-tiras-style-vileda-rosa-vileda/R-609800762/p
Limpieza y hogar,2 Estropajos Salvauñas Ergo Universal Scotch Brite - Verde,"2,60 €","1,05 €/ud",https://www.carrefour.es/supermercado/2-estropajos-salvaunas-ergo-universal-scotch-brite-verde-scotch-brite/R-609801544/p
Limpieza y hogar,Limpiador de vitrocerámica aroma naranja en crema ecológico Frosch 650 ml.,"5,65 €","4,85 €/l",https://www.carrefour.es/supermercado/limpiador-de-vitroceramica-aroma-naranja-en-crema-ecologico-frosch-650-ml-frosch/R-617301618/p
Limpieza y hogar,Pañuelos Bosillo Kleenex Original pack de 24 ud.,"0,50 €","0,11 €/ud",https://www.carrefour.es/supermercado/panuelos-bosillo-kleenex-original-pack-de-24-ud/R-VC4AECOMM-445601/p
Limpieza y hogar,Detergente Líquido Bebé Carrefour 50 Lavados,"1,30 €","0,11 €/lavado",https://www.carrefour.es/supermercado/detergente-liquido-bebe-carrefour-50-lavados-carrefour/R-819114602/p
Limpieza y hogar,Ambientador lavanda 150 g.,"4,90 €","3,33 €/kg",https://www.carrefour.es/supermercado/ambientador-lavanda-150-g-producto-blanco/R-551303341/p
Limpieza y hogar,Fregona Superabsorbente CARREFOUR HOME Spulance - Blanca,"10,59 €","1,30 €/ud",https://www.carrefour.es/supermercado/fregona-superabsorbente-carrefour-home-spulance-blanca-carrefour/R-609302132/p
Limpieza y hogar,"Quitamanchas líquido Oxy 5 Color Neutrex 2,62 l.","2,50 €","1,87 €/l",https://www.carrefour.es/supermercado/quitamanchas-liquido-oxy-5-color-neutrex-2-62-l-neutrex/R-803482661/p
Limpieza y hogar,Amoniaco perfumado con detergente Disiclin 750 ml.,"1,61 €","2,15 €/l",https://www.carrefour.es/supermercado/amoniaco-perfumado-con-detergente-disiclin-750-ml-disiclin/R-780744887/p
Limpieza y hogar,Detergente líquido coladas mixtas Micolor 60 lavados.,"11,70 €","0,19 €/lavado",https://www.carrefour.es/supermercado/detergente-liquido-coladas-mixtas-micolor-60-lavados-micolor/R-829118054/p
Limpieza y hogar,Pack de 30 Pilas Alcalinas I-Tech Lr06 (Aa),"11,90 €","0,40 €/ud",https://www.carrefour.es/supermercado/pack-de-30-pilas-alcalinas-i-tech-lr06-aa-carrefour/R-613004710/p
Limpieza y hogar,Limpiador perfumado Volvone 750 ml.,"1,82 €","2,43 €/l",https://www.carrefour.es/supermercado/limpiador-perfumado-volvone-750-ml-volvone/R-590202421/p
Limpieza y hogar,Impregnador mopas spray Carrefour 750 ml.,"2,80 €","3,73 €/l",https://www.carrefour.es/supermercado/impregnador-mopas-spray-carrefour-750-ml-carrefour/R-586101593/p
Limpieza y hogar,"Set de 2 Eco Estropajos con Esponja Vegetal ROZENBAL 2,6x6,9x11 cm","1,40 €","0,70 €/ud",https://www.carrefour.es/supermercado/set-de-2-eco-estropajos-con-esponja-vegetal-rozenbal-2-6x6-9x11-cm/R-VC4AECOMM-475973/p
Limpieza y hogar,Detergente líquido Wipp Express 100 lavados.,"1,50 €","0,18 €/lavado",https://www.carrefour.es/supermercado/detergente-liquido-wipp-express-100-lavados-wipp-express/R-prod731562/p
Limpieza y hogar,2 Estropajos con esponja Carrefour - Blanca,"0,80 €","0,75 €/ud",https://www.carrefour.es/supermercado/2-estropajos-con-esponja-carrefour-blanca-carrefour/R-609801084/p
Limpieza y hogar,Pastillas de Encendido 32 ud.,"2,99 €","0,80 €/ud",https://www.carrefour.es/supermercado/pastillas-de-encendido-32-ud-carrefour/R-803463827/p
Limpieza y hogar,Papel higiénico con leche de almendras Sensitive Scottex 6 rollos.,"1,83 €","0,50 €/ud",https://www.carrefour.es/supermercado/papel-higienico-con-leche-de-almendras-sensitive-scottex-6-rollos-scottex/R-prod300368/p
Limpieza y hogar,Limpiacristales con amoniaco Cristasol 1 l.,"4,20 €","1,83 €/l",https://www.carrefour.es/supermercado/limpiacristales-con-amoniaco-cristasol-1-l-cristasol/R-521002247/p
Limpieza y hogar,Recogedor de pie Vileda - Rojo,"11,70 €","4,20 €/ud",https://www.carrefour.es/supermercado/recogedor-de-pie-vileda-rojo-vileda/R-521007679/p
Limpieza y hogar,Papel higiénico acolchado 3 capas Colhogar 24 rollos.,"1,65 €","0,49 €/ud",https://www.carrefour.es/supermercado/papel-higienico-acolchado-3-capas-colhogar-24-rollos/R-VC4AECOMM-423164/p
Limpieza y hogar,Fregasuelos lavanda Xanpa 1 l.,"1,88 €","1,29 €/l",https://www.carrefour.es/supermercado/fregasuelos-lavanda-xanpa-1-l-xanpa/R-713315974/p
Limpieza y hogar,Detergente líquido marsella Omino Bianco 50 lavados.,"2,95 €","0,18 €/lavado",https://www.carrefour.es/supermercado/detergente-liquido-marsella-omino-bianco-50-lavados-omino-bianco/R-655901835/p
Limpieza y hogar,Vela perfumada de vainilla Carrefour Essential 1 ud,"1,95 €","1,65 €/ud",https://www.carrefour.es/supermercado/vela-perfumada-de-vainilla-carrefour-essential-1-ud/R-VC4AECOMM-547696/p
Limpieza y hogar,Pañuelos Scottex 18 ud.,"3,25 €","0,13 €/ud",https://www.carrefour.es/supermercado/panuelos-scottex-18-ud-scottex/R-616502021/p
Limpieza y hogar,Pastillas de Encendido 128 ud.,"2,50 €","0,02 €/ud",https://www.carrefour.es/supermercado/pastillas-de-encendido-128-ud-carrefour/R-803463841/p
Limpieza y hogar,Pañuelos collection Kleenex 15 ud.,"4,20 €","0,13 €/ud",https://www.carrefour.es/supermercado/panuelos-collection-kleenex-15-ud-kleenex/R-526414131/p
Limpieza y hogar,Suavizante concentrado frescor marino Vernel 76 lavados.,"2,40 €","0,04 €/lavado",https://www.carrefour.es/supermercado/suavizante-concentrado-frescor-marino-vernel-76-lavados-vernel/R-712515143/p
Limpieza y hogar,Lavavajillas a mano espuma activa Fairy 375 ml.,"0,55 €","6,67 €/l",https://www.carrefour.es/supermercado/lavavajillas-a-mano-espuma-activa-fairy-375-ml-fairy/R-521001353/p
Limpieza y hogar,Limpia máquinas intensivo Somat 250 ml.,"2,50 €","10,00 €/l",https://www.carrefour.es/supermercado/limpia-maquinas-intensivo-somat-250-ml-somat/R-551303149/p
Limpieza y hogar,Ambientador automático frutas en flor recambio Carrefour 1 ud.,"1,80 €","1,80 €/ud",https://www.carrefour.es/supermercado/ambientador-automatico-frutas-en-flor-recambio-carrefour-1-ud-carrefour/R-734811791/p
Limpieza y hogar,Detergente líquido Dixan Total 100 lavados.,"2,39 €","0,14 €/lavado",https://www.carrefour.es/supermercado/detergente-liquido-dixan-total-100-lavados-dixan/R-prod731563/p
Limpieza y hogar,Limpia lavadoras Colon 250 ml.,"3,59 €","14,80 €/l",https://www.carrefour.es/supermercado/limpia-lavadoras-colon-250-ml-colon/R-827510494/p
Limpieza y hogar,"Limpiador desinfectante Asevi 1,2 l.","10,10 €","1,99 €/l",https://www.carrefour.es/supermercado/limpiador-desinfectante-asevi-1-2-l-asevi/R-prod80943/p
Limpieza y hogar,Detergente líquido delicado a mano Norit 1125 ml.,"12,60 €","3,19 €/l",https://www.carrefour.es/supermercado/detergente-liquido-delicado-a-mano-norit-1125-ml-norit/R-prod580044/p
Limpieza y hogar,Lavavajillas máquina 0% en gel ecológico Calgonit Finish 60 lavados,"2,40 €","0,17 €/lavado",https://www.carrefour.es/supermercado/lavavajillas-maquina-0-en-gel-ecologico-calgonit-finish-60-lavados/R-VC4AECOMM-419605/p
Limpieza y hogar,Detergente líquido Active Clean Skip 74 lavados.,"1,99 €","0,17 €/lavado",https://www.carrefour.es/supermercado/detergente-liquido-active-clean-skip-74-lavados-skip/R-803482637/p
Limpieza y hogar,Limpiador de inodoros Pato 750 ml.,"1,95 €","3,20 €/l",https://www.carrefour.es/supermercado/limpiador-de-inodoros-pato-750-ml-pato/R-521001280/p
Limpieza y hogar,Detergente líquido Actilift Color y Style Ariel 50 lavados.,"1,55 €","0,27 €/lavado",https://www.carrefour.es/supermercado/detergente-liquido-actilift-color-y-style-ariel-50-lavados-ariel/R-871503768/p
Limpieza y hogar,Limpiador multiusos en gel aroma limón fresco Don Limpio 600 ml.,"6,95 €","4,75 €/l",https://www.carrefour.es/supermercado/limpiador-multiusos-en-gel-aroma-limon-fresco-don-limpio-600-ml-don-limpio/R-760342195/p
Limpieza y hogar,3 Estropajos Classic Scotch Brite - Verde,"3,10 €","0,99 €/ud",https://www.carrefour.es/supermercado/3-estropajos-classic-scotch-brite-verde-scotch-brite/R-521032843/p
Limpieza y hogar,Bolsa de Basura Biodegradable Compostable ECOPLANET 30l 10 ud 55x60 cm,"5,10 €","0,19 €/ud",https://www.carrefour.es/supermercado/bolsa-de-basura-biodegradable-compostable-ecoplanet-30l-10-ud-55x60-cm/R-VC4AECOMM-497397/p
Limpieza y hogar,Quitamanchas ropa blanca en gel Oxy Power Carrefour 2 l.,"7,36 €","0,77 €/l",https://www.carrefour.es/supermercado/quitamanchas-ropa-blanca-en-gel-oxy-power-carrefour-2-l-carrefour/R-866818990/p
Limpieza y hogar,Pack de 12 Pilas Alcalinas I-Tech Carrefour Lr03 (Aaa),"0,87 €","0,58 €/ud",https://www.carrefour.es/supermercado/pack-de-12-pilas-alcalinas-i-tech-carrefour-lr03-aaa-carrefour/R-829844511/p
Limpieza y hogar,Ambientador automático Fresh Matic Nenuco recambio Air Wick 3 ud.,"2,09 €","3,27 €/ud",https://www.carrefour.es/supermercado/ambientador-automatico-fresh-matic-nenuco-recambio-air-wick-3-ud-air-wick/R-697806828/p
Limpieza y hogar,Set de Servilletas 2 capas de Celulosa RENOVA Rollo 500pz - Blancas,"0,84 €","3,10 €/ud",https://www.carrefour.es/supermercado/set-de-servilletas-2-capas-de-celulosa-renova-rollo-500pz-blancas-renova/R-859005235/p
Limpieza y hogar,Cepillo Multiusos 3in1 antichoque VILEDA - Rojo,"3,95 €","5,10 €/ud",https://www.carrefour.es/supermercado/cepillo-multiusos-3in1-antichoque-vileda-rojo-vileda/R-521007669/p
Limpieza y hogar,Duplo Fregona CARREFOUR - Amarillo,"1,99 €","0,99 €/ud",https://www.carrefour.es/supermercado/duplo-fregona-carrefour-amarillo-carrefour/R-527031208/p
Limpieza y hogar,Caja de pañuelos 3 capas Scottex 70 ud.,"1,24 €","0,02 €/ud",https://www.carrefour.es/supermercado/caja-de-panuelos-3-capas-scottex-70-ud-scottex/R-854900372/p
Limpieza y hogar,Palo universal antideslizante Vileda - Rojo,"3,40 €","3,40 €/ud",https://www.carrefour.es/supermercado/palo-universal-antideslizante-vileda-rojo-vileda/R-528412210/p
Limpieza y hogar,Lejía y desengrasante en spray mousse perfume fresco Ace 700 ml.,"2,65 €","3,79 €/l",https://www.carrefour.es/supermercado/lejia-y-desengrasante-en-spray-mousse-perfume-fresco-ace-700-ml-ace/R-795740596/p
Limpieza y hogar,Limpiamáquinas en pastillas Finish 3 ud.,"3,80 €","1,27 €/ud",https://www.carrefour.es/supermercado/limpiamaquinas-en-pastillas-finish-3-ud-finish/R-prod480170/p
Limpieza y hogar,Ambientador automático Colonia recambio Carrefour 1 ud.,"1,80 €","7,20 €/l",https://www.carrefour.es/supermercado/ambientador-automatico-colonia-recambio-carrefour-1-ud-carrefour/R-736419784/p
Limpieza y hogar,Suavizante concentrado oro y orquídea blanca Flor 72 lavados.,"4,01 €","0,06 €/lavado",https://www.carrefour.es/supermercado/suavizante-concentrado-oro-y-orquidea-blanca-flor-72-lavados-flor/R-797608516/p
Limpieza y hogar,Papel higiénico húmedo aloe vera Carrefour 15 ud.,"0,65 €","0,04 €/ud",https://www.carrefour.es/supermercado/papel-higienico-humedo-aloe-vera-carrefour-15-ud/R-VC4AECOMM-436722/p
Limpieza y hogar,Elimina olores textil spray Sanytol 500 ml.,"3,95 €","7,90 €/l",https://www.carrefour.es/supermercado/elimina-olores-textil-spray-sanytol-500-ml-sanytol/R-prod840884/p
Limpieza y hogar,Limpiador de baño con lejía Power Gel Cillit Bang 700 ml.,"3,00 €","4,29 €/l",https://www.carrefour.es/supermercado/limpiador-de-bano-con-lejia-power-gel-cillit-bang-700-ml-cillit-bang/R-556601364/p
Limpieza y hogar,Limpia muebles Carrefour 750 ml.,"1,95 €","2,60 €/l",https://www.carrefour.es/supermercado/limpia-muebles-carrefour-750-ml-carrefour/R-fprod1460513/p
Limpieza y hogar,Papel higiénico ecológico Carrefour Eco Planet 4 rollos.,"1,99 €","0,50 €/ud",https://www.carrefour.es/supermercado/papel-higienico-ecologico-carrefour-eco-planet-4-rollos-carrefour-eco-planet/R-794633698/p
Limpieza y hogar,Limpia máquinas limón Finish 250 ml.,"3,50 €","19,20 €/l",https://www.carrefour.es/supermercado/limpia-maquinas-limon-finish-250-ml-finish/R-521001499/p
Limpieza y hogar,Escoba de interior antichoque Carrefour - Gris,"1,50 €","3,50 €/ud",https://www.carrefour.es/supermercado/escoba-de-interior-antichoque-carrefour-gris-carrefour/R-655302080/p
Limpieza y hogar,"Palo Antideslizante de Acero CARREFOUR 2,2x2,2x140 cm","3,78 €","1,50 €/ud",https://www.carrefour.es/supermercado/palo-antideslizante-de-acero-carrefour-2-2x2-2x140-cm-carrefour/R-655302066/p
Limpieza y hogar,Colgador WC blue activ floral Bref 2 ud.,"3,10 €","3,78 €/kg",https://www.carrefour.es/supermercado/colgador-wc-blue-activ-floral-bref-2-ud-bref/R-prod222080/p
Limpieza y hogar,Ambientador varillas flor de jazmín Carrefour 45 ml.,"2,10 €","3,10 €/ud",https://www.carrefour.es/supermercado/ambientador-varillas-flor-de-jazmin-carrefour-45-ml-carrefour/R-prod620021/p
Limpieza y hogar,Quitamanchas líquido Vanish 1 l.,"3,50 €","2,10 €/l",https://www.carrefour.es/supermercado/quitamanchas-liquido-vanish-1-l-vanish/R-521001720/p
Limpieza y hogar,Detergente líquido ropa blanca y de color Edil 50 lavados.,"3,29 €","0,07 €/lavado",https://www.carrefour.es/supermercado/detergente-liquido-ropa-blanca-y-de-color-edil-50-lavados-edil/R-prod440115/p
Limpieza y hogar,Papel de horno en hojas Albal 16 ud.,"1,70 €","0,21 €/ud",https://www.carrefour.es/supermercado/papel-de-horno-en-hojas-albal-16-ud-albal/R-638701915/p
Limpieza y hogar,Set de 3 Bayetas Microfibra Pequeñas ROZENBAL 32x32 cm - Surtido,"2,10 €","0,57 €/ud",https://www.carrefour.es/supermercado/set-de-3-bayetas-microfibra-pequenas-rozenbal-32x32-cm-surtido/R-VC4AECOMM-475967/p
Limpieza y hogar,Toallitas multiusos aroma limón Carrefour 80 ud.,"2,30 €","0,03 €/ud",https://www.carrefour.es/supermercado/toallitas-multiusos-aroma-limon-carrefour-80-ud-producto-blanco/R-696405372/p
Limpieza y hogar,Lavavajillas mano hipoalergénico ecológico Frosch 750 ml.,"1,43 €","3,07 €/l",https://www.carrefour.es/supermercado/lavavajillas-mano-hipoalergenico-ecologico-frosch-750-ml-frosch/R-600805313/p
Limpieza y hogar,Quitamanchas en polvo sin lejia oxigeno activo Mimidu 900 g.,"2,09 €","2,09 €/kg",https://www.carrefour.es/supermercado/quitamanchas-en-polvo-sin-lejia-oxigeno-activo-mimidu-900-g-neutrex/R-770612685/p
Limpieza y hogar,Pinzas de ropa de Madera 24 unidades - Haya,"0,99 €","0,04 €/ud",https://www.carrefour.es/supermercado/pinzas-de-ropa-de-madera-24-unidades-haya/R-prod281147/p
Limpieza y hogar,Lavavajillas a mano espuma activa Fairy 375 ml.,"2,75 €","7,33 €/l",https://www.carrefour.es/supermercado/lavavajillas-a-mano-espuma-activa-fairy-375-ml-fairy/R-521001359/p
Limpieza y hogar,Detergente en cápsulas expert Carrefour 30 ud.,"5,40 €","0,18 €/ud",https://www.carrefour.es/supermercado/detergente-en-capsulas-expert-carrefour-30-ud-carrefour/R-prod820311/p
Limpieza y hogar,Detergente a mano lana y ropa delicada Carrefour Expert 30 lavados.,"1,89 €","1,89 €/l",https://www.carrefour.es/supermercado/detergente-a-mano-lana-y-ropa-delicada-carrefour-expert-30-lavados/R-VC4AECOMM-573180/p
Limpieza y hogar,Estropajos Jabonosos AJAX 7 ud,"1,60 €","0,23 €/ud",https://www.carrefour.es/supermercado/estropajos-jabonosos-ajax-7-ud-ajax/R-609800798/p
Limpieza y hogar,Antical para lavadoras en gel Carrefour 750 ml.,"2,10 €","2,80 €/l",https://www.carrefour.es/supermercado/antical-para-lavadoras-en-gel-carrefour-750-ml-carrefour/R-543602458/p
Limpieza y hogar,AGUA PERFUMADA PLANCHADO1L CRF,"0,65 €","0,65 €/l",https://www.carrefour.es/supermercado/agua-perfumada-planchado1l-crf-carrefour/R-521001661/p
Limpieza y hogar,Fregona Hilo Superabsorbente KH7 - Blanco,"6,20 €","1,99 €/ud",https://www.carrefour.es/supermercado/fregona-hilo-superabsorbente-kh7-blanco/R-fprod1220406/p
Limpieza y hogar,Detergente liquido para la ropa de bebe Frosch Baby 21 Lavados,"8,60 €","0,30 €/lavado",https://www.carrefour.es/supermercado/detergente-liquido-para-la-ropa-de-bebe-frosch-baby-21-lavados-frosch/R-801540499/p
Limpieza y hogar,Quitamanchas ropa blanca en polvo 5 Vanish Oxi-Action 900 g.,"1,00 €","9,56 €/kg",https://www.carrefour.es/supermercado/quitamanchas-ropa-blanca-en-polvo-5-vanish-oxi-action-900-g-vanish-oxiaction/R-fprod1270047/p
Limpieza y hogar,Cajas de Fósforos medianos,"0,99 €","0,33 €/ud",https://www.carrefour.es/supermercado/cajas-de-fosforos-medianos-tres-estrellas/R-prod64283/p
Limpieza y hogar,Toallitas multiusos aroma cítricos Carrefour 40 ud.,"2,99 €","0,02 €/ud",https://www.carrefour.es/supermercado/toallitas-multiusos-aroma-citricos-carrefour-40-ud-carrefour/R-696105242/p
Limpieza y hogar,15 Bolsas de basura Ultra Resistentes Handy Bag 30 Litros - Gris,"1,99 €","0,20 €/ud",https://www.carrefour.es/supermercado/15-bolsas-de-basura-ultra-resistentes-handy-bag-30-litros-gris-albal/R-787404135/p
Limpieza y hogar,Antihumedad recambio Carrefour 1 ud.,"1,95 €","1,99 €/ud",https://www.carrefour.es/supermercado/antihumedad-recambio-carrefour-1-ud-carrefour/R-521002176/p
Limpieza y hogar,Caja de pañuelos Ultrasoft Kleenex 80 ud.,"6,05 €","0,02 €/ud",https://www.carrefour.es/supermercado/caja-de-panuelos-ultrasoft-kleenex-80-ud-kleenex/R-596701897/p
Limpieza y hogar,"Detergente líquido concentrado jabón natural ecológico Frosch 1,5 l.","11,95 €","4,03 €/l",https://www.carrefour.es/supermercado/detergente-liquido-concentrado-jabon-natural-ecologico-frosch-1-5-l/R-VC4AECOMM-485921/p
Limpieza y hogar,Guante Desechable Vinilo SPONTEX Protect Talla 8 100 ud,"4,20 €","11,95 €/ud",https://www.carrefour.es/supermercado/guante-desechable-vinilo-spontex-protect-talla-8-100-ud/R-VC4AECOMM-551162/p
Limpieza y hogar,Fregona de microfibra y algodón VILEDA - Blanco,"4,00 €","4,20 €/ud",https://www.carrefour.es/supermercado/fregona-de-microfibra-y-algodon-vileda-blanco-vileda/R-526636178/p
Limpieza y hogar,Quitamanchas en spray Vanish OxiAction 750 ml.,"10,30 €","8,00 €/l",https://www.carrefour.es/supermercado/quitamanchas-en-spray-vanish-oxiaction-750-ml-vanish-oxiaction/R-736814114/p
Limpieza y hogar,Detergente líquido higiene Colon 40 lavados.,"1,51 €","0,26 €/lavado",https://www.carrefour.es/supermercado/detergente-liquido-higiene-colon-40-lavados-colon/R-fprod1190338/p
Limpieza y hogar,Bolsas para bocadillos de 17x24 cm. Albal 50 ud.,"1,50 €","0,03 €/ud",https://www.carrefour.es/supermercado/bolsas-para-bocadillos-de-17x24-cm-albal-50-ud-albal/R-521012234/p
Limpieza y hogar,Limpiador de cocinas ultrapotente Carrefour 750 ml.,"10,50 €","2,00 €/l",https://www.carrefour.es/supermercado/limpiador-de-cocinas-ultrapotente-carrefour-750-ml-carrefour/R-626501745/p
Limpieza y hogar,Limpiador de vitrocerámica en crema Vitroclen pack de 2 unidades de 450 ml.,"9,41 €","10,46 €/l",https://www.carrefour.es/supermercado/limpiador-de-vitroceramica-en-crema-vitroclen-pack-de-2-unidades-de-450-ml-vitroclen/R-526423948/p
Limpieza y hogar,Lavavajillas Todo en 1 aroma limón en cápsulas Carrefour 60 ud.,"7,85 €","0,13 €/lavado",https://www.carrefour.es/supermercado/lavavajillas-todo-en-1-aroma-limon-en-capsulas-carrefour-60-ud-carrefour/R-prod490161/p
Limpieza y hogar,2 Bayetas Multiusos Suave Antibacterias odor stop VILEDA - Amarilla,"2,50 €","1,25 €/ud",https://www.carrefour.es/supermercado/2-bayetas-multiusos-suave-antibacterias-odor-stop-vileda-amarilla-vileda/R-825812424/p
Limpieza y hogar,Quitamanchas spray Vanish OxiAction 500 ml.,"4,35 €","8,70 €/l",https://www.carrefour.es/supermercado/quitamanchas-spray-vanish-oxiaction-500-ml-vanish-oxiaction/R-prod395264/p
Limpieza y hogar,Papel de cocina Jumbo Scottex 2 rollos.,"5,15 €","2,57 €/ud",https://www.carrefour.es/supermercado/papel-de-cocina-jumbo-scottex-2-rollos-scottex/R-797608520/p
Limpieza y hogar,"Suavizante concentrado Elixir Azul Flor 1,2 l.","3,85 €","3,21 €/l",https://www.carrefour.es/supermercado/suavizante-concentrado-elixir-azul-flor-1-2-l-flor/R-prod720929/p
Limpieza y hogar,Limpiamuebles en spray aloe vera Pronto 500 ml.,"3,60 €","7,20 €/l",https://www.carrefour.es/supermercado/limpiamuebles-en-spray-aloe-vera-pronto-500-ml-pronto/R-708413053/p
Limpieza y hogar,Quitamanchas blanqueador en polvo Vanish Oxi Advance 400 g.,"6,20 €","15,50 €/kg",https://www.carrefour.es/supermercado/quitamanchas-blanqueador-en-polvo-vanish-oxi-advance-400-g/R-VC4AECOMM-550397/p
Limpieza y hogar,Detergente liquido aloe vera Skip 100 lavados.,"16,25 €","0,16 €/lavado",https://www.carrefour.es/supermercado/detergente-liquido-aloe-vera-skip-100-lavados/R-VC4AECOMM-553328/p
Limpieza y hogar,Detergente en polvo Total Dixan 50 lavados.,"9,60 €","0,19 €/lavado",https://www.carrefour.es/supermercado/detergente-en-polvo-total-dixan-50-lavados-dixan/R-prod830316/p
Limpieza y hogar,Gel para lavavajillas todo en uno aroma lima y limón Somat 60 lavados.,"9,05 €","0,15 €/lavado",https://www.carrefour.es/supermercado/gel-para-lavavajillas-todo-en-uno-aroma-lima-y-limon-somat-60-lavados-somat/R-fprod1260419/p
Limpieza y hogar,Detergente en polvo Ariel 60 lavados.,"13,45 €","0,22 €/lavado",https://www.carrefour.es/supermercado/detergente-en-polvo-ariel-60-lavados-ariel/R-829041915/p
Limpieza y hogar,"Pilas Alcalinas Duracell Simply AAA, paquete de 16","10,50 €","0,66 €/ud",https://www.carrefour.es/supermercado/pilas-alcalinas-duracell-simply-aaa-paquete-de-16/R-prod880622/p
Limpieza y hogar,Suavizante concentrado colonia Carrefour 160 lavados.,"0,99 €","0,02 €/lavado",https://www.carrefour.es/supermercado/suavizante-concentrado-colonia-carrefour-160-lavados-carrefour/R-prod1100063/p
Limpieza y hogar,Limpiacristales 3 en 1 con amoniaco Carrefour 1 l.,"2,15 €","0,99 €/l",https://www.carrefour.es/supermercado/limpiacristales-3-en-1-con-amoniaco-carrefour-1-l/R-VC4AECOMM-470563/p
Limpieza y hogar,Limpiador de inodoro desincrustante anti-cal Pato 750 ml.,"3,99 €","2,87 €/l",https://www.carrefour.es/supermercado/limpiador-de-inodoro-desincrustante-anti-cal-pato-750-ml-pato/R-prod392217/p
Limpieza y hogar,Recogedor Plegable Carrefour - Gris,"6,85 €","3,99 €/ud",https://www.carrefour.es/supermercado/recogedor-plegable-carrefour-gris-carrefour/R-834406413/p
Limpieza y hogar,Limpiador de vitrocerámica pistola Vitroclen 450 ml.,"1,20 €","15,22 €/l",https://www.carrefour.es/supermercado/limpiador-de-vitroceramica-pistola-vitroclen-450-ml-vitroclen/R-521001450/p
Limpieza y hogar,Bayeta Posavajillas Viscosa ROZENBAL 50X38 cm - Decorada,"2,90 €","1,20 €/ud",https://www.carrefour.es/supermercado/bayeta-posavajillas-viscosa-rozenbal-50x38-cm-decorada/R-VC4AECOMM-475964/p
Limpieza y hogar,Papel higiénico Compact Foxy 18 rollos.,"13,40 €","0,53 €/ud",https://www.carrefour.es/supermercado/papel-higienico-compact-foxy-18-rollos-foxy/R-803482591/p
Limpieza y hogar,Higienizante para textil Sanicentro 1 l.,"5,30 €","2,90 €/l",https://www.carrefour.es/supermercado/higienizante-para-textil-sanicentro-1-l/R-VC4AECOMM-436289/p
Limpieza y hogar,Lavavajillas a máquina platinum plus aroma limón Todo en 1 en cápsulas Fairy 37 ud.,"1,11 €","0,36 €/ud",https://www.carrefour.es/supermercado/lavavajillas-a-maquina-platinum-plus-aroma-limon-todo-en-1-en-capsulas-fairy-37-ud-fairy/R-prod1070449/p
Limpieza y hogar,Ambientador automático Frescor Cítrico recambio Carrefour 1 ud.,"1,80 €","1,80 €/ud",https://www.carrefour.es/supermercado/ambientador-automatico-frescor-citrico-recambio-carrefour-1-ud-carrefour/R-735314015/p
Limpieza y hogar,Detergente en polvo Active Clean Skip 50 cacitos.,"10,50 €","0,21 €/lavado",https://www.carrefour.es/supermercado/detergente-en-polvo-active-clean-skip-50-cacitos-skip/R-684204068/p
Limpieza y hogar,Suavizante concentrado talco Carrefour 160 lavados.,"3,20 €","0,02 €/lavado",https://www.carrefour.es/supermercado/suavizante-concentrado-talco-carrefour-160-lavados-carrefour/R-prod1100066/p
Limpieza y hogar,Ambientador absorbe olores spray Carrefour 500 ml.,"1,95 €","3,90 €/l",https://www.carrefour.es/supermercado/ambientador-absorbe-olores-spray-carrefour-500-ml-carrefour/R-prod550019/p
Limpieza y hogar,"Quitamanchas líquido Oxy Blanco puro Neutrex 1,6 l.","3,50 €","2,19 €/l",https://www.carrefour.es/supermercado/quitamanchas-liquido-oxy-blanco-puro-neutrex-1-6-l-neutrex/R-803482653/p
Limpieza y hogar,Toallitas Suelos Marsella desechables Carrefour 15 ud.,"1,20 €","0,08 €/ud",https://www.carrefour.es/supermercado/toallitas-suelos-marsella-desechables-carrefour-15-ud-carrefour/R-692704448/p
Limpieza y hogar,Suavizante concentrado jazmín fresco y lavanda silvestre ecológico Botanical Origin 45 lavados.,"1,65 €","0,08 €/lavado",https://www.carrefour.es/supermercado/suavizante-concentrado-jazmin-fresco-y-lavanda-silvestre-ecologico-botanical-origin-45-lavados/R-VC4AECOMM-419031/p
Limpieza y hogar,"Rodillo Quitapelusas Adhesivo Ergonómico ROZENBAL 4,5x4,5x23,5 cm","3,10 €","1,65 €/ud",https://www.carrefour.es/supermercado/rodillo-quitapelusas-adhesivo-ergonomico-rozenbal-4-5x4-5x23-5-cm/R-VC4AECOMM-550033/p
Limpieza y hogar,Limpiador concentrado para madera Las 3 Brujas 1 l.,"0,86 €","3,10 €/l",https://www.carrefour.es/supermercado/limpiador-concentrado-para-madera-las-3-brujas-1-l-las-3-brujas/R-808943516/p
Limpieza y hogar,Bloc wc 1 ud.,"2,10 €","0,21 €/ud",https://www.carrefour.es/supermercado/bloc-wc-1-ud-producto-blanco/R-prod1022622/p
Limpieza y hogar,Set de 75 Servilletas 2 capas de Celulosa RENOVA BLK 75pz - Blancas,"2,20 €","0,03 €/ud",https://www.carrefour.es/supermercado/set-de-75-servilletas-2-capas-de-celulosa-renova-blk-75pz-blancas-renova/R-811833211/p
Limpieza y hogar,10 Bolsas Basura CARREFOUR 100 Litros - Verde,"4,20 €","0,22 €/ud",https://www.carrefour.es/supermercado/10-bolsas-basura-carrefour-100-litros-verde-carrefour/R-prod280805/p
Limpieza y hogar,Suavizante concentrado flor de naranjo y hojas cítricas ecológico Botanical Origin 45 lavados.,"3,20 €","0,09 €/lavado",https://www.carrefour.es/supermercado/suavizante-concentrado-flor-de-naranjo-y-hojas-citricas-ecologico-botanical-origin-45-lavados/R-VC4AECOMM-419023/p
Limpieza y hogar,15 Bolsas de basura Elásticas Handy Bag 30 Litros - Gris,"13,50 €","0,21 €/ud",https://www.carrefour.es/supermercado/15-bolsas-de-basura-elasticas-handy-bag-30-litros-gris-albal/R-526001918/p
Limpieza y hogar,Detergente líquido triple poder Ultimate Skip 65 lavados.,"1,48 €","0,21 €/lavado",https://www.carrefour.es/supermercado/detergente-liquido-triple-poder-ultimate-skip-65-lavados-skip/R-prod70818/p
Limpieza y hogar,Limpia polvo clorex Vim 750 g.,"3,15 €","1,97 €/kg",https://www.carrefour.es/supermercado/limpia-polvo-clorex-vim-750-g-vim/R-540201688/p
Limpieza y hogar,Abrillantador para lavavajillas anti olor Somat 500 ml.,"2,30 €","6,30 €/l",https://www.carrefour.es/supermercado/abrillantador-para-lavavajillas-anti-olor-somat-500-ml-somat/R-fprod1340026/p
Limpieza y hogar,Bolsas multiusos con cierre cremallera Zipper 3l. Albal 8 ud.,"2,95 €","0,29 €/ud",https://www.carrefour.es/supermercado/bolsas-multiusos-con-cierre-cremallera-zipper-3l-albal-8-ud-albal/R-768503570/p
Limpieza y hogar,Limpiador de baño antical desinfectante Las 3 Brujas 750 ml.,"1,60 €","3,93 €/l",https://www.carrefour.es/supermercado/limpiador-de-bano-antical-desinfectante-las-3-brujas-750-ml-las-3-brujas/R-808943518/p
Limpieza y hogar,Fregasuelos Concentrado Citrico Carrefour 1 l.,"2,90 €","1,60 €/l",https://www.carrefour.es/supermercado/fregasuelos-concentrado-citrico-carrefour-1-l-carrefour/R-prod61867/p
Limpieza y hogar,Quitamanchas en polvo Oxi Power Carrefour 1 kg.,"2,90 €","2,90 €/kg",https://www.carrefour.es/supermercado/quitamanchas-en-polvo-oxi-power-carrefour-1-kg-carrefour/R-521011748/p
Limpieza y hogar,Papel higiénico húmedo con aloe vera Sensitive Scottex 66 ud.,"1,50 €","0,04 €/ud",https://www.carrefour.es/supermercado/papel-higienico-humedo-con-aloe-vera-sensitive-scottex-66-ud-scottex/R-855700412/p
Limpieza y hogar,"Limpiador higiene aroma fresco eucalipto Don Limpio 1,3 l.","2,60 €","2,00 €/l",https://www.carrefour.es/supermercado/limpiador-higiene-aroma-fresco-eucalipto-don-limpio-1-3-l/R-VC4AECOMM-517199/p
Limpieza y hogar,Limpiador de amoniaco con detergente,"0,95 €","0,63 €/l",https://www.carrefour.es/supermercado/limpiador-de-amoniaco-con-detergente-disiclin/R-prod261891/p
Limpieza y hogar,Limpiador de baño Cif 750 ml.,"2,85 €","3,80 €/l",https://www.carrefour.es/supermercado/limpiador-de-bano-cif-750-ml-cif/R-824651577/p
Limpieza y hogar,Quitagrasas cocina limón Tenn 500 ml.,"2,39 €","4,78 €/l",https://www.carrefour.es/supermercado/quitagrasas-cocina-limon-tenn-500-ml-tenn/R-873118542/p
Limpieza y hogar,"Pañuelos balsam con aloe vera, vitamina E & calendula Kleenex 80 ud.","1,80 €","0,02 €/ud",https://www.carrefour.es/supermercado/panuelos-balsam-con-aloe-vera-vitamina-e-calendula-kleenex-80-ud-kleenex/R-526414133/p
Limpieza y hogar,Limpiador cocinas desinfectante limón Lysol 500 ml.,"2,15 €","4,30 €/l",https://www.carrefour.es/supermercado/limpiador-cocinas-desinfectante-limon-lysol-500-ml/R-VC4AECOMM-569546/p
Limpieza y hogar,Papel higiénico húmedo Junior Jumbo Scottex 76 ud.,"2,90 €","0,03 €/ud",https://www.carrefour.es/supermercado/papel-higienico-humedo-junior-jumbo-scottex-76-ud-scottex/R-753307807/p
Limpieza y hogar,Discos activos inodoros aroma lima recambio Pato 1 ud.,"2,75 €","2,75 €/ud",https://www.carrefour.es/supermercado/discos-activos-inodoros-aroma-lima-recambio-pato-1-ud-pato/R-prod620934/p
Limpieza y hogar,Quitagrasas aroma limón KH-7 900 ml.,"3,69 €","0,92 €/100g",https://www.carrefour.es/supermercado/quitagrasas-aroma-limon-kh-7-900-ml-kh-7/R-prod780145/p
Limpieza y hogar,Ambientador vainilla Carrefour 300 ml.,"0,90 €","3,00 €/l",https://www.carrefour.es/supermercado/ambientador-vainilla-carrefour-300-ml-carrefour/R-521002010/p
Limpieza y hogar,Amoniaco muy fuerte con detergente Carrefour 750 ml.,"1,20 €","1,60 €/l",https://www.carrefour.es/supermercado/amoniaco-muy-fuerte-con-detergente-carrefour-750-ml-carrefour/R-854900358/p
Limpieza y hogar,Quitamanchas en polvo Vanish 600 g.,"2,05 €","3,42 €/kg",https://www.carrefour.es/supermercado/quitamanchas-en-polvo-vanish-600-g-vanish/R-prod310790/p
Limpieza y hogar,Lavavajillas a mano Aloe Vera Mistol 650 ml.,"1,47 €","2,26 €/l",https://www.carrefour.es/supermercado/lavavajillas-a-mano-aloe-vera-mistol-650-ml-mistol/R-594401905/p
Limpieza y hogar,Ambientador aerosol fantasy Splash 300 ml.,"0,90 €","3,00 €/l",https://www.carrefour.es/supermercado/ambientador-aerosol-fantasy-splash-300-ml/R-VC4AECOMM-523338/p
Limpieza y hogar,Ambientador absorbe olores para el frigorífico Croc Odor 1 ud.,"2,40 €","2,40 €/ud",https://www.carrefour.es/supermercado/ambientador-absorbe-olores-para-el-frigorifico-croc-odor-1-ud-croc-odor/R-521002158/p
Limpieza y hogar,Suavizante concentrado frescor de primavera Lenor 70 lavados.,"3,25 €","0,05 €/lavado",https://www.carrefour.es/supermercado/suavizante-concentrado-frescor-de-primavera-lenor-70-lavados-lenor/R-prod261607/p
Limpieza y hogar,Colgador WC Fresh Ocean Carrefour 2 ud.,"1,79 €","0,89 €/ud",https://www.carrefour.es/supermercado/colgador-wc-fresh-ocean-carrefour-2-ud/R-VC4AECOMM-422658/p
Limpieza y hogar,"Suavizante concentrado Elixir Sensorial Flor 1,2 l.","3,85 €","3,21 €/l",https://www.carrefour.es/supermercado/suavizante-concentrado-elixir-sensorial-flor-1-2-l-flor/R-prod720963/p
Limpieza y hogar,Detergente en polvo Dixan Total 100 lavados.,"1,99 €","0,15 €/lavado",https://www.carrefour.es/supermercado/detergente-en-polvo-dixan-total-100-lavados-dixan/R-prod731561/p
Limpieza y hogar,Fregasuelos concentrado multi superficies super perfumado multiusos aroma gold Disiclin 1000 ml.,"2,30 €","1,99 €/l",https://www.carrefour.es/supermercado/fregasuelos-concentrado-multi-superficies-super-perfumado-multiusos-aroma-gold-disiclin-1000-ml-disiclin/R-prod870631/p
Limpieza y hogar,Limpiador desinfectante sin lejía Disiclin 750 ml,"3,00 €","3,07 €/l",https://www.carrefour.es/supermercado/limpiador-desinfectante-sin-lejia-disiclin-750-ml/R-VC4AECOMM-519297/p
Limpieza y hogar,Desodorante desinfectante Sanytol 150 ml.,"3,95 €","20,00 €/l",https://www.carrefour.es/supermercado/desodorante-desinfectante-sanytol-150-ml-sanytol/R-826752082/p
Limpieza y hogar,"Pilas de Litio de botón 2032 Duracell Especiales, paquete de 2","4,75 €","1,97 €/ud",https://www.carrefour.es/supermercado/pilas-de-litio-de-boton-2032-duracell-especiales-paquete-de-2/R-prod880523/p
Limpieza y hogar,Gel para lavavajillas Oro frescor anti-olor con vinagre Somat pack de 2 unidades de 50 lavados.,"14,25 €","0,14 €/lavado",https://www.carrefour.es/supermercado/gel-para-lavavajillas-oro-frescor-anti-olor-con-vinagre-somat-pack-de-2-unidades-de-50-lavados-somat/R-819256098/p
Limpieza y hogar,Vela perfumada canela Carrefour Essential 1 ud.,"1,65 €","1,65 €/ud",https://www.carrefour.es/supermercado/vela-perfumada-canela-carrefour-essential-1-ud/R-VC4AECOMM-547575/p
Limpieza y hogar,Suavizante concentrado rubí y pétalos de jazmín Flor 72 lavados.,"4,01 €","0,06 €/lavado",https://www.carrefour.es/supermercado/suavizante-concentrado-rubi-y-petalos-de-jazmin-flor-72-lavados-flor/R-797608518/p
Limpieza y hogar,Suavizante concentrado flor de algodón ecológico Frosch 31 lavados.,"2,39 €","0,08 €/lavado",https://www.carrefour.es/supermercado/suavizante-concentrado-flor-de-algodon-ecologico-frosch-31-lavados-frosch/R-837306042/p
Limpieza y hogar,Colgador WC Blue Activ Bref 2 ud.,"3,78 €","3,78 €/l",https://www.carrefour.es/supermercado/colgador-wc-blue-activ-bref-2-ud-bref/R-839204497/p
Limpieza y hogar,Desengrasante multiusos Nuca Max El Milagrito 1 l.,"2,10 €","2,10 €/l",https://www.carrefour.es/supermercado/desengrasante-multiusos-nuca-max-el-milagrito-1-l-el-milagrito/R-662501681/p
Limpieza y hogar,3 Bayetas Multiusos Multifacil Spontex - Amarilla,"2,20 €","1,10 €/ud",https://www.carrefour.es/supermercado/3-bayetas-multiusos-multifacil-spontex-amarilla-spontex/R-783909236/p
Limpieza y hogar,Vela perfumada jazmín Carrefour Essential 1 ud.,"1,65 €","1,65 €/ud",https://www.carrefour.es/supermercado/vela-perfumada-jazmin-carrefour-essential-1-ud/R-VC4AECOMM-547803/p
Limpieza y hogar,Lavavajillas máquina platinum Todo en 1 en cápsulas Fairy 63 ud.,"17,75 €","0,30 €/lavado",https://www.carrefour.es/supermercado/lavavajillas-maquina-platinum-todo-en-1-en-capsulas-fairy-63-ud-fairy/R-808943844/p
Limpieza y hogar,Toallitas para secadoras Flor 40 ud.,"4,45 €","0,11 €/lavado",https://www.carrefour.es/supermercado/toallitas-para-secadoras-flor-40-ud-flor/R-521001687/p
Limpieza y hogar,LIMP.KH7 HIG.TOTAL ANTIC.P 750,"3,20 €","4,27 €/l",https://www.carrefour.es/supermercado/limpkh7-higtotal-anticp-750-kh-7/R-530362818/p
Limpieza y hogar,Limpiahogar multisuperficies con oxígeno activo Chubb 1 l.,"1,35 €","1,35 €/l",https://www.carrefour.es/supermercado/limpiahogar-multisuperficies-con-oxigeno-activo-chubb-1-l-chubb/R-805505061/p
Limpieza y hogar,Tissues Mega 2 capas Foxy 200 ud.,"2,49 €","0,01 €/ud",https://www.carrefour.es/supermercado/tissues-mega-2-capas-foxy-200-ud-foxy/R-869308269/p
Limpieza y hogar,Detergente líquido Ultimate Skip 65 lavados.,"1,00 €","0,19 €/lavado",https://www.carrefour.es/supermercado/detergente-liquido-ultimate-skip-65-lavados-skip/R-801637340/p
Limpieza y hogar,4 Estropajos fibra Carrefour - Verde,"3,12 €","0,25 €/ud",https://www.carrefour.es/supermercado/4-estropajos-fibra-carrefour-verde-carrefour/R-609302122/p
Limpieza y hogar,"Fregasuelos con lejia y detergente pino Estrella 2,7 l.","1,64 €","1,16 €/l",https://www.carrefour.es/supermercado/fregasuelos-con-lejia-y-detergente-pino-estrella-2-7-l/R-VC4AECOMM-442656/p
Limpieza y hogar,Ambientador eliminaolor Air Effects Brisa Marina Ambipur 300 ml.,"8,30 €","10,97 €/l",https://www.carrefour.es/supermercado/ambientador-eliminaolor-air-effects-brisa-marina-ambipur-300-ml-ambipur/R-624602034/p
Limpieza y hogar,Tissues Cream 4 capas Foxy 75 ud.,"5,99 €","0,02 €/ud",https://www.carrefour.es/supermercado/tissues-cream-4-capas-foxy-75-ud-foxy/R-859001878/p
Limpieza y hogar,Detergente liquido obtimal clean expert Carrefour 76 lavados.,"1,51 €","0,11 €/lavado",https://www.carrefour.es/supermercado/detergente-liquido-obtimal-clean-expert-carrefour-76-lavados/R-VC4AECOMM-465672/p
Limpieza y hogar,Ambientador eléctrico Sky recambio Ambipur 2 ud.,"4,45 €","2,99 €/ud",https://www.carrefour.es/supermercado/ambientador-electrico-sky-recambio-ambipur-2-ud-ambipur/R-691605945/p
Limpieza y hogar,Lejia para ropa Ace 2 l.,"5,55 €","0,75 €/l",https://www.carrefour.es/supermercado/lejia-para-ropa-ace-2-l-ace/R-521012086/p
Limpieza y hogar,Ambientador automático relaxing zen recambio Glade Sense & Spray 2 ud.,"6,55 €","4,45 €/ud",https://www.carrefour.es/supermercado/ambientador-automatico-relaxing-zen-recambio-glade-sense-spray-2-ud-glade-by-brise/R-784529343/p
Limpieza y hogar,Ambientador aerosol colonia infantil Splash 300 ml.,"0,90 €","3,00 €/l",https://www.carrefour.es/supermercado/ambientador-aerosol-colonia-infantil-splash-300-ml/R-VC4AECOMM-523329/p
Limpieza y hogar,Suavizante concentrado florales narciso Mimosín 78 lavados.,"3,25 €","0,05 €/lavado",https://www.carrefour.es/supermercado/suavizante-concentrado-florales-narciso-mimosin-78-lavados-mimosin/R-prod240580/p
Limpieza y hogar,Detergente líquido ecológico jazmín fresco y lavanda silvestre Botanical Origin 35 lavados.,"3,95 €","0,28 €/ud",https://www.carrefour.es/supermercado/detergente-liquido-ecologico-jazmin-fresco-y-lavanda-silvestre-botanical-origin-35-lavados/R-VC4AECOMM-419037/p
Limpieza y hogar,Limpiador de vitrocerámica KH-7 450 ml.,"2,90 €","7,22 €/l",https://www.carrefour.es/supermercado/limpiador-de-vitroceramica-kh-7-450-ml-kh-7/R-735888962/p
Limpieza y hogar,Perlas de fragancia para la ropa estallido de pasión Intense Mimosín 11 lavados.,"1,79 €","14,72 €/kg",https://www.carrefour.es/supermercado/perlas-de-fragancia-para-la-ropa-estallido-de-pasion-intense-mimosin-11-lavados-mimosin/R-prod731516/p
Limpieza y hogar,Lavavajillas Todo en 1 aroma limón en cápsulas Carrefour 26 ud.,"2,30 €","0,15 €/lavado",https://www.carrefour.es/supermercado/lavavajillas-todo-en-1-aroma-limon-en-capsulas-carrefour-26-ud-carrefour/R-867400798/p
Limpieza y hogar,Limpiador de baño ecológico KH-7 650 ml.,"3,25 €","4,46 €/l",https://www.carrefour.es/supermercado/limpiador-de-bano-ecologico-kh-7-650-ml-kh-7/R-prod1160210/p
Limpieza y hogar,Sartén TEFAL 24 cm Talent Pro,"4,00 €","18,00 €/ud",https://www.carrefour.es/supermercado/sarten-tefal-24-cm-talent-pro-tefal/R-prod251268/p
Limpieza y hogar,Lejía en gel original Domestos 750 ml.,"1,94 €","0,24 €/100ml",https://www.carrefour.es/supermercado/lejia-en-gel-original-domestos-750-ml-domestos/R-849900331/p
Limpieza y hogar,Limpiahogar multisuperficies ph neutro Carrefour 3 l.,"13,15 €","0,77 €/l",https://www.carrefour.es/supermercado/limpiahogar-multisuperficies-ph-neutro-carrefour-3-l/R-VC4AECOMM-477328/p
Limpieza y hogar,Suavizante concentrado de té blanco y peonía Aromaterapia+ Vernel 76 lavados.,"2,90 €","0,05 €/lavado",https://www.carrefour.es/supermercado/suavizante-concentrado-de-te-blanco-y-peonia-aromaterapia-vernel-76-lavados-vernel/R-prod540007/p
Limpieza y hogar,Limpiador con lejía Cif 650 ml. 650 ml.,"1,20 €","3,69 €/l",https://www.carrefour.es/supermercado/limpiador-con-lejia-cif-650-ml-650-ml-cif/R-prod394505/p
Limpieza y hogar,Fregona Multiusos 100% Microfibras VILEDA - Rosa,"1,80 €","4,00 €/ud",https://www.carrefour.es/supermercado/fregona-multiusos-100-microfibras-vileda-rosa-vileda/R-823606981/p
Limpieza y hogar,Film transparante corte fácil Albal 20 metros.,"7,60 €","0,10 €/m",https://www.carrefour.es/supermercado/film-transparante-corte-facil-albal-20-metros-albal/R-801580485/p
Limpieza y hogar,Detergente Líquido Ariel Bebé 50 Lavados,"3,10 €","0,26 €/lavado",https://www.carrefour.es/supermercado/detergente-liquido-ariel-bebe-50-lavados-ariel/R-811813860/p
Limpieza y hogar,Quitamanchas en polvo Oxy White Carrefour 1 kg.,"1,65 €","2,90 €/kg",https://www.carrefour.es/supermercado/quitamanchas-en-polvo-oxy-white-carrefour-1-kg-carrefour/R-526414019/p
Limpieza y hogar,Ambientador mecha frutos rojos Carrefour 375 ml.,"3,15 €","3,20 €/l",https://www.carrefour.es/supermercado/ambientador-mecha-frutos-rojos-carrefour-375-ml-carrefour/R-520660432/p
Limpieza y hogar,Ambientador mini spray Colonia recambio Carrefour 2 ud.,"4,70 €","0,90 €/ud",https://www.carrefour.es/supermercado/ambientador-mini-spray-colonia-recambio-carrefour-2-ud-carrefour/R-656901741/p
Limpieza y hogar,Limpiador de inducción Indu Clen 450 ml.,"2,70 €","16,89 €/l",https://www.carrefour.es/supermercado/limpiador-de-induccion-indu-clen-450-ml-indu-clen/R-prod381962/p
Limpieza y hogar,Ambientador automático Floral recambio Carrefour 1 ud.,"1,80 €","7,20 €/l",https://www.carrefour.es/supermercado/ambientador-automatico-floral-recambio-carrefour-1-ud-carrefour/R-736419788/p
Limpieza y hogar,Papel de cocina Cartaplagia Jumbo Foxy 1 rollo.,"4,10 €","4,10 €/ud",https://www.carrefour.es/supermercado/papel-de-cocina-cartaplagia-jumbo-foxy-1-rollo-foxy/R-prod1000809/p
Limpieza y hogar,10 Bolsas de basura Handy Bag Especial Jardín 100 Litros - Verde,"5,99 €","0,60 €/ud",https://www.carrefour.es/supermercado/10-bolsas-de-basura-handy-bag-especial-jardin-100-litros-verde-handy-bag/R-848100481/p
Limpieza y hogar,Detergente en polvo ecológico Lagarto 50 lavados,"8,20 €","0,16 €/lavado",https://www.carrefour.es/supermercado/detergente-en-polvo-ecologico-lagarto-50-lavados-lagarto/R-prod1090233/p
Limpieza y hogar,2 Bayetas de cristales Carrefour - Beige,"1,99 €","0,99 €/ud",https://www.carrefour.es/supermercado/2-bayetas-de-cristales-carrefour-beige-carrefour/R-609302142/p
Limpieza y hogar,Mopa atrapapolvo recambio Swiffer pack 20 gamuzas.,"4,45 €","0,22 €/ud",https://www.carrefour.es/supermercado/mopa-atrapapolvo-recambio-swiffer-pack-20-gamuzas-swiffer/R-522714264/p
Limpieza y hogar,Toallitas captura colores Protect Iberia 15 ud.,"2,95 €","0,20 €/ud",https://www.carrefour.es/supermercado/toallitas-captura-colores-protect-iberia-15-ud-iberia/R-prod700485/p
Limpieza y hogar,Papel Higiénico Gigante Scottex 18 rollos.,"13,55 €","0,75 €/ud",https://www.carrefour.es/supermercado/papel-higienico-gigante-scottex-18-rollos-scottex/R-823818528/p
Limpieza y hogar,Suavizante concentrado caricias Mimosín 166 lavados.,"6,80 €","0,04 €/lavado",https://www.carrefour.es/supermercado/suavizante-concentrado-caricias-mimosin-166-lavados-mimosin/R-prod240699/p
Limpieza y hogar,Lavavajillas a máquina aroma limón Fairy Platinum Gel 45 lavados.,"8,35 €","0,19 €/lavado",https://www.carrefour.es/supermercado/lavavajillas-a-maquina-aroma-limon-fairy-platinum-gel-45-lavados-fairy/R-fprod1320222/p
Limpieza y hogar,Espuma autolimpiante energy desincrustante WC Net 4 ud.,"3,15 €","3,15 €/ud",https://www.carrefour.es/supermercado/espuma-autolimpiante-energy-desincrustante-wc-net-4-ud-wc-net/R-521001335/p
Limpieza y hogar,Quitamanchas transpirex blanco y color sin lejia Neutrex 600 ml.,"3,85 €","6,42 €/l",https://www.carrefour.es/supermercado/quitamanchas-transpirex-blanco-y-color-sin-lejia-neutrex-600-ml-neutrex/R-531705095/p
Limpieza y hogar,Limpiahogar ph neutro ecológico Frosch 1 l.,"2,30 €","2,30 €/l",https://www.carrefour.es/supermercado/limpiahogar-ph-neutro-ecologico-frosch-1-l-frosch/R-546101878/p
Limpieza y hogar,Detergente líquido frescor energizante Aromaterapia Dixan 50 lavados.,"8,90 €","0,18 €/lavado",https://www.carrefour.es/supermercado/detergente-liquido-frescor-energizante-aromaterapia-dixan-50-lavados-dixan/R-prod830386/p
Limpieza y hogar,"Lejía lavadora acción total Neutrex 3,6 l.","3,30 €","0,92 €/l",https://www.carrefour.es/supermercado/lejia-lavadora-accion-total-neutrex-3-6-l/R-VC4AECOMM-444395/p
Limpieza y hogar,Bolsa Basura Ultra Resistente Handy Bag 15 Unidades - Gris,"2,99 €","0,20 €/ud",https://www.carrefour.es/supermercado/bolsa-basura-ultra-resistente-handy-bag-15-unidades-gris-handy-bag/R-837832816/p
Limpieza y hogar,Ambientador aerosol floral Carrefour 300 ml.,"0,90 €","3,00 €/l",https://www.carrefour.es/supermercado/ambientador-aerosol-floral-carrefour-300-ml-carrefour/R-655201703/p
Limpieza y hogar,Perfume para la ropa en perlas concentrado dreams Unstoppables Lenor 210 g.,"5,55 €","26,43 €/kg",https://www.carrefour.es/supermercado/perfume-para-la-ropa-en-perlas-concentrado-dreams-unstoppables-lenor-210-g-lenor/R-prod930244/p
Limpieza y hogar,Suavizante explosión de frescor Intense Mimosín 52 lavados.,"4,00 €","0,08 €/lavado",https://www.carrefour.es/supermercado/suavizante-explosion-de-frescor-intense-mimosin-52-lavados/R-VC4AECOMM-551632/p
Limpieza y hogar,FREGASUELOS XANPA PINO 1L,"1,42 €","1,42 €/l",https://www.carrefour.es/supermercado/fregasuelos-xanpa-pino-1l-xanpa/R-521012244/p
Limpieza y hogar,Papel de cocina 2 capas maxi ecológico Carrefour Eco Planet 1 rollo.,"3,10 €","3,10 €/ud",https://www.carrefour.es/supermercado/papel-de-cocina-2-capas-maxi-ecologico-carrefour-eco-planet-1-rollo/R-VC4AECOMM-532224/p
Limpieza y hogar,Gel WC lavanda ecológico Frosch 750 ml.,"2,49 €","3,32 €/l",https://www.carrefour.es/supermercado/gel-wc-lavanda-ecologico-frosch-750-ml-frosch/R-590206993/p
Limpieza y hogar,Papel de blitz XXL Regina 1 rollo.,"4,60 €","3,30 €/ud",https://www.carrefour.es/supermercado/papel-de-blitz-xxl-regina-1-rollo/R-VC4AECOMM-482485/p
Limpieza y hogar,Detergente líquido con jabón natural Edil 50 lavados.,"3,10 €","0,06 €/lavado",https://www.carrefour.es/supermercado/detergente-liquido-con-jabon-natural-edil-50-lavados-edil/R-prod440117/p
Limpieza y hogar,Gel limpiador desincrustante WC Net 800 ml.,"2,60 €","3,25 €/l",https://www.carrefour.es/supermercado/gel-limpiador-desincrustante-wc-net-800-ml-wc-net/R-789830620/p
Limpieza y hogar,Pack de 20 Pilas Alcalinas I-Tech LR03 AAA Carrefour,"9,90 €","0,49 €/ud",https://www.carrefour.es/supermercado/pack-de-20-pilas-alcalinas-i-tech-lr03-aaa-carrefour-carrefour/R-829844785/p
Limpieza y hogar,"Fregasuelos aromático spa Essential Carrefour 1,5 l.","0,93 €","0,62 €/l",https://www.carrefour.es/supermercado/fregasuelos-aromatico-spa-essential-carrefour-1-5-l/R-VC4AECOMM-588538/p
Limpieza y hogar,"Quitamanchas líquido Oxy 5 Color Neutrex 1,6 l.","3,50 €","2,19 €/l",https://www.carrefour.es/supermercado/quitamanchas-liquido-oxy-5-color-neutrex-1-6-l-neutrex/R-803482657/p
Limpieza y hogar,Detergente en cápsulas coladas mixtas Micolor 30 ud.,"8,90 €","0,28 €/lavado",https://www.carrefour.es/supermercado/detergente-en-capsulas-coladas-mixtas-micolor-30-ud-micolor/R-845100680/p
Limpieza y hogar,Set de Escoba con palo Multiusos 3in1 antichoque Vileda - Rojo,"1,80 €","8,90 €/ud",https://www.carrefour.es/supermercado/set-de-escoba-con-palo-multiusos-3in1-antichoque-vileda-rojo-vileda/R-609800958/p
Limpieza y hogar,Ambientador mini spray Cítrico recambio Carrefour 2 ud.,"1,20 €","0,90 €/ud",https://www.carrefour.es/supermercado/ambientador-mini-spray-citrico-recambio-carrefour-2-ud-carrefour/R-656901735/p
Limpieza y hogar,Ambientador de Mecha Aroma Ropa Limpia Carrefour 375 ml.,"1,07 €","3,20 €/l",https://www.carrefour.es/supermercado/ambientador-de-mecha-aroma-ropa-limpia-carrefour-375-ml-carrefour/R-700507755/p
Limpieza y hogar,Pañuelos hipoalergénicos Foxy 10 ud.,"0,95 €","0,11 €/ud",https://www.carrefour.es/supermercado/panuelos-hipoalergenicos-foxy-10-ud/R-VC4AECOMM-494327/p
Limpieza y hogar,Guante Flocado Látex RUBBEREX Multipurpose Cat III Talla M - Amarillo,"3,60 €","0,95 €/ud",https://www.carrefour.es/supermercado/guante-flocado-latex-rubberex-multipurpose-cat-iii-talla-m-amarillo/R-VC4AECOMM-505569/p
Limpieza y hogar,Sartén Baja de Aluminio Forjado TEFAL Talent Pro 21cm - Negro,"3,15 €","16,00 €/ud",https://www.carrefour.es/supermercado/sarten-baja-de-aluminio-forjado-tefal-talent-pro-21cm-negro-tefal/R-prod251261/p
Limpieza y hogar,Suavizante Creaciones flor de la pasión y Bergamota Mimosín 58 lavados.,"2,40 €","0,06 €/lavado",https://www.carrefour.es/supermercado/suavizante-creaciones-flor-de-la-pasion-y-bergamota-mimosin-58-lavados-mimosin/R-prod250056/p
Limpieza y hogar,Ambientador aerosol Pure Nenuco Air Wick 250 ml.,"7,55 €","17,24 €/l",https://www.carrefour.es/supermercado/ambientador-aerosol-pure-nenuco-air-wick-250-ml-air-wick/R-795814458/p
Limpieza y hogar,Lavavajillas a mano 0% perfume y colorante Fairy 650 ml,"1,66 €","4,85 €/l",https://www.carrefour.es/supermercado/lavavajillas-a-mano-0-perfume-y-colorante-fairy-650-ml/R-VC4AECOMM-468326/p
Limpieza y hogar,Limpiador de cristales y superficies pronature ecólogico Tenn 650 ml.,"1,80 €","3,69 €/l",https://www.carrefour.es/supermercado/limpiador-de-cristales-y-superficies-pronature-ecologico-tenn-650-ml/R-VC4AECOMM-476206/p
Limpieza y hogar,Ambientador automático Fresh Matic Lirio de Luna recambio Air Wick 2 ud.,"1,50 €","3,77 €/ud",https://www.carrefour.es/supermercado/ambientador-automatico-fresh-matic-lirio-de-luna-recambio-air-wick-2-ud-air-wick/R-697806822/p
Limpieza y hogar,Tissues Cotton 3 capas Foxy 60 ud.,"3,95 €","0,03 €/ud",https://www.carrefour.es/supermercado/tissues-cotton-3-capas-foxy-60-ud-foxy/R-858900422/p
Limpieza y hogar,Absorbeolor frigorífico Carrefour 40 g.,"6,27 €","1,80 €/ud",https://www.carrefour.es/supermercado/absorbeolor-frigorifico-carrefour-40-g-carrefour/R-636602452/p
Limpieza y hogar,Jabón líquido hidratante de cocina con extractos de limón y albahaca Carrefour 500 ml.,"1,50 €","0,30 €/100ml",https://www.carrefour.es/supermercado/jabon-liquido-hidratante-de-cocina-con-extractos-de-limon-y-albahaca-carrefour-500-ml-carrefour/R-prod271262/p
Limpieza y hogar,Quitamanchas ropa bebé spray ecológico Frosch Baby 500 ml.,"2,09 €","7,90 €/l",https://www.carrefour.es/supermercado/quitamanchas-ropa-bebe-spray-ecologico-frosch-baby-500-ml-frosch-baby/R-801540503/p
Limpieza y hogar,Film transparente profesional Carrefour 300 metros.,"6,25 €","0,02 €/m",https://www.carrefour.es/supermercado/film-transparente-profesional-carrefour-300-metros-carrefour/R-prod270527/p
Limpieza y hogar,"Quitamanchas en gel ropa de color 4 Vanish Oxi-Action 1,8 l.","7,77 €","4,32 €/l",https://www.carrefour.es/supermercado/quitamanchas-en-gel-ropa-de-color-4-vanish-oxi-action-1-8-l-vanish-oxiaction/R-fprod1270046/p
Limpieza y hogar,Toallitas para Muebles con Cera de Abeja Carrefour 24 ud.,"1,08 €","0,05 €/ud",https://www.carrefour.es/supermercado/toallitas-para-muebles-con-cera-de-abeja-carrefour-24-ud-carrefour/R-696105240/p
Limpieza y hogar,Fregona Microfibra Secado Rápido KH7 - Naranja,"5,90 €","3,40 €/ud",https://www.carrefour.es/supermercado/fregona-microfibra-secado-rapido-kh7-naranja/R-fprod1220430/p
Limpieza y hogar,Limpiador alfombras y Tapicerias Espuma Vanish 600 ml.,"2,10 €","9,83 €/l",https://www.carrefour.es/supermercado/limpiador-alfombras-y-tapicerias-espuma-vanish-600-ml-vanish/R-526414119/p
Limpieza y hogar,Fregasuelos concentrado naranja Avevi 950 ml.,"2,99 €","2,21 €/l",https://www.carrefour.es/supermercado/fregasuelos-concentrado-naranja-avevi-950-ml-asevi/R-prod890174/p
Limpieza y hogar,"Set de 40 Gamuzas Atrapapolvo Desechables CARREFOUR 5,5x11,5x18 cm","14,85 €","0,07 €/ud",https://www.carrefour.es/supermercado/set-de-40-gamuzas-atrapapolvo-desechables-carrefour-5-5x11-5x18-cm-carrefour/R-527031098/p
Limpieza y hogar,Detergente en polvo Colon 95 cacitos.,"2,85 €","0,16 €/lavado",https://www.carrefour.es/supermercado/detergente-en-polvo-colon-95-cacitos-colon/R-804031579/p
Limpieza y hogar,Limpiador multiusos con lejía Cif 750 ml.,"1,60 €","3,80 €/l",https://www.carrefour.es/supermercado/limpiador-multiusos-con-lejia-cif-750-ml-cif/R-827618037/p
Limpieza y hogar,Fregasuelos Concentrado Floral Carrefour 1 l.,"0,90 €","1,60 €/l",https://www.carrefour.es/supermercado/fregasuelos-concentrado-floral-carrefour-1-l-carrefour/R-prod61860/p
Limpieza y hogar,Ambientador aerosol explosión floral Splash 300 ml.,"14,45 €","3,00 €/l",https://www.carrefour.es/supermercado/ambientador-aerosol-explosion-floral-splash-300-ml/R-VC4AECOMM-523242/p
Limpieza y hogar,Lavavajillas máquina Todo en 1 aroma limón en pastillas Finish 86 ud.,"2,70 €","0,17 €/ud",https://www.carrefour.es/supermercado/lavavajillas-maquina-todo-en-1-aroma-limon-en-pastillas-finish-86-ud-finish/R-788138762/p
Limpieza y hogar,Limpiacristales Las 3 Brujas 750 ml.,"14,30 €","3,60 €/l",https://www.carrefour.es/supermercado/limpiacristales-las-3-brujas-750-ml-las-3-brujas/R-814144326/p
Limpieza y hogar,Detergente en polvo Wipp Express 62 lavados.,"1,00 €","0,23 €/lavado",https://www.carrefour.es/supermercado/detergente-en-polvo-wipp-express-62-lavados-wipp-express/R-679501773/p
Limpieza y hogar,Pastillas de Encendido para Madera,"0,90 €","1,00 €/ud",https://www.carrefour.es/supermercado/pastillas-de-encendido-para-madera-carrefour/R-prod231415/p
Limpieza y hogar,Bayeta para polvo de Microfibra Carrefour - Beige,"1,69 €","0,90 €/ud",https://www.carrefour.es/supermercado/bayeta-para-polvo-de-microfibra-carrefour-beige-carrefour/R-609302134/p
Limpieza y hogar,"Fregasuelos con lejia y detergente limón Estrella 1,35 l.","3,00 €","1,25 €/l",https://www.carrefour.es/supermercado/fregasuelos-con-lejia-y-detergente-limon-estrella-1-35-l/R-VC4AECOMM-443085/p
Limpieza y hogar,"LIMPIAHOG.TENN BRILLANTE 1,25L","9,90 €","2,40 €/l",https://www.carrefour.es/supermercado/limpiahogtenn-brillante-1-25l-tenn/R-521001817/p
Limpieza y hogar,"Pilas Alcalinas AAA Duracell Ultra, paquete de 8","1,59 €","1,24 €/ud",https://www.carrefour.es/supermercado/pilas-alcalinas-aaa-duracell-ultra-paquete-de-8-duracell/R-829844912/p
Limpieza y hogar,Pañuelos balsam Kleenex pack de 8 ud.,"8,75 €","0,20 €/ud",https://www.carrefour.es/supermercado/panuelos-balsam-kleenex-pack-de-8-ud/R-VC4AECOMM-446054/p
Limpieza y hogar,Detergente en polvo Elena 80 cacitos.,"2,55 €","0,11 €/lavado",https://www.carrefour.es/supermercado/detergente-en-polvo-elena-80-cacitos-elena/R-638501841/p
Limpieza y hogar,Suavizante concentrado frescor cielo azul Vernel 57 lavados.,"2,30 €","0,05 €/lavado",https://www.carrefour.es/supermercado/suavizante-concentrado-frescor-cielo-azul-vernel-57-lavados-vernel/R-776704107/p
Limpieza y hogar,Set de 2 Estropajos con esponja SPONTEX Poder Verde,"5,00 €","1,15 €/ud",https://www.carrefour.es/supermercado/set-de-2-estropajos-con-esponja-spontex-poder-verde-spontex/R-783909240/p
Limpieza y hogar,Papel higiénico húmedo Fresh Recambio Scottex 40 ud.,"1,66 €","0,04 €/ud",https://www.carrefour.es/supermercado/papel-higienico-humedo-fresh-recambio-scottex-40-ud-scottex/R-521001191/p
Limpieza y hogar,Limpiamuebles con aceite nutritivo ambar y argán Pronto 250 ml.,"4,05 €","16,20 €/l",https://www.carrefour.es/supermercado/limpiamuebles-con-aceite-nutritivo-ambar-y-argan-pronto-250-ml-pronto/R-prod700187/p
Limpieza y hogar,Limpiador de tuberías ecológico Carrefour 1 l.,"4,05 €","4,05 €/l",https://www.carrefour.es/supermercado/limpiador-de-tuberias-ecologico-carrefour-1-l-carrefour/R-fprod1460557/p
Limpieza y hogar,"Fregasuelos fiesta de flores con aceite esenciales Ajax 1,25 l.","2,39 €","1,91 €/l",https://www.carrefour.es/supermercado/fregasuelos-fiesta-de-flores-con-aceite-esenciales-ajax-1-25-l/R-fprod1380211/p
Limpieza y hogar,Estropajo con Esponja Soft Baño Flexible Scotch Brite - Blanco,"1,80 €","1,80 €/ud",https://www.carrefour.es/supermercado/estropajo-con-esponja-soft-bano-flexible-scotch-brite-blanco-scotch-brite/R-521013047/p
Limpieza y hogar,Detergente líquido para ropa de color Perlan 25 lavados.,"4,75 €","0,19 €/lavado",https://www.carrefour.es/supermercado/detergente-liquido-para-ropa-de-color-perlan-25-lavados-perlan/R-prod61882/p
Limpieza y hogar,Papel higiénico acolchado 3 capas Colhogar 6 rollos,"3,10 €","0,52 €/ud",https://www.carrefour.es/supermercado/papel-higienico-acolchado-3-capas-colhogar-6-rollos/R-fprod1470303/p
Limpieza y hogar,Limpiador multiusos de cocinas aroma limón Zas 750 ml.,"2,95 €","3,93 €/l",https://www.carrefour.es/supermercado/limpiador-multiusos-de-cocinas-aroma-limon-zas-750-ml-zas/R-521014416/p
Limpieza y hogar,Ambientador automático Fresh Matic Delicias de Verano recambio Air Wick 1 ud.,"2,29 €","4,69 €/ud",https://www.carrefour.es/supermercado/ambientador-automatico-fresh-matic-delicias-de-verano-recambio-air-wick-1-ud-air-wick/R-794451529/p
Limpieza y hogar,Bolsa de Basura Perfumada Relevo 30l 15 ud - Rosa,"5,55 €","0,15 €/ud",https://www.carrefour.es/supermercado/bolsa-de-basura-perfumada-relevo-30l-15-ud-rosa-relevo/R-fprod1360127/p
Limpieza y hogar,Protector lavavajillas Finish 50 lavados 1 ud.,"1,61 €","5,55 €/ud",https://www.carrefour.es/supermercado/protector-lavavajillas-finish-50-lavados-1-ud-finish/R-521001511/p
Limpieza y hogar,Gel WC frescor de montaña Sani Centro 1 l.,"3,80 €","1,61 €/l",https://www.carrefour.es/supermercado/gel-wc-frescor-de-montana-sani-centro-1-l-sani-centro/R-804031203/p
Limpieza y hogar,Ambientador fresa y nata The fruit company 40 ml.,"7,36 €","9,50 €/100ml",https://www.carrefour.es/supermercado/ambientador-fresa-y-nata-the-fruit-company-40-ml-the-fruit-company/R-prod960095/p
Limpieza y hogar,Ambientador eléctrico 3Volution Puro y Fresco recambio Ambipur 2 ud.,"1,77 €","3,68 €/ud",https://www.carrefour.es/supermercado/ambientador-electrico-3volution-puro-y-fresco-recambio-ambipur-2-ud-ambipur/R-691605941/p
Limpieza y hogar,Caja de pañuelos Disney Kleenex 56 ud.,"3,50 €","0,03 €/ud",https://www.carrefour.es/supermercado/caja-de-panuelos-disney-kleenex-56-ud-kleenex/R-785222016/p
Limpieza y hogar,Pack de 6 Pilas Alcalinas LR03 AAA Carrefour,"1,75 €","0,58 €/ud",https://www.carrefour.es/supermercado/pack-de-6-pilas-alcalinas-lr03-aaa-carrefour-carrefour/R-829844775/p
Limpieza y hogar,Golgador WC power activ pine forest Bref 1 ud.,"2,94 €","1,75 €/ud",https://www.carrefour.es/supermercado/golgador-wc-power-activ-pine-forest-bref-1-ud-bref/R-636001926/p
Limpieza y hogar,Lejia para ropa Ace 4 l.,"2,40 €","0,73 €/l",https://www.carrefour.es/supermercado/lejia-para-ropa-ace-4-l-ace/R-522713548/p
Limpieza y hogar,Lavavajillas a mano aroma frambuesa en gel ecológico Frosch 750 ml.,"1,79 €","3,20 €/l",https://www.carrefour.es/supermercado/lavavajillas-a-mano-aroma-frambuesa-en-gel-ecologico-frosch-750-ml-frosch/R-866618498/p
Limpieza y hogar,Colgador WC Power Tropic Carrefour 2 ud.,"3,70 €","0,89 €/ud",https://www.carrefour.es/supermercado/colgador-wc-power-tropic-carrefour-2-ud/R-VC4AECOMM-422696/p
Limpieza y hogar,Pañuelos con crema hidratante Foxy 10 ud.,"1,60 €","0,17 €/ud",https://www.carrefour.es/supermercado/panuelos-con-crema-hidratante-foxy-10-ud-foxy/R-785678534/p
Limpieza y hogar,15 Gamuzas Desechables SPONTEX Atrapapolvo - Blanco,"3,99 €","0,25 €/ud",https://www.carrefour.es/supermercado/15-gamuzas-desechables-spontex-atrapapolvo-blanco-spontex/R-817316579/p
Limpieza y hogar,2 Estropajo 3capas Universal no raya SCOTCH-BRITE - Gris,"2,55 €","1,27 €/ud",https://www.carrefour.es/supermercado/2-estropajo-3capas-universal-no-raya-scotch-brite-gris-scotch-brite/R-prod68788/p
Limpieza y hogar,Spray multiusos sin lejía Tenn 500 ml.,"2,60 €","5,20 €/l",https://www.carrefour.es/supermercado/spray-multiusos-sin-lejia-tenn-500-ml-tenn/R-fprod1230235/p
Limpieza y hogar,Detergente liquido delicate Carrefour Expert 40 lavados.,"2,55 €","0,06 €/lavado",https://www.carrefour.es/supermercado/detergente-liquido-delicate-carrefour-expert-40-lavados/R-VC4AECOMM-513639/p
Limpieza y hogar,Ambientador de aire spray Frescor Higiénico Oust 300 ml.,"2,70 €","9,00 €/l",https://www.carrefour.es/supermercado/ambientador-de-aire-spray-frescor-higienico-oust-300-ml-oust/R-521002034/p
Limpieza y hogar,Lavavajillas a máquina en pastillas quantum max Finish Powerball 27 ud.,"9,99 €","0,37 €/lavado",https://www.carrefour.es/supermercado/lavavajillas-a-maquina-en-pastillas-quantum-max-finish-powerball-27-ud-finish/R-521001487/p
Limpieza y hogar,Ambientador automático Fresh Matic Oasis Turquesa recambio Air Wick 1 ud.,"4,05 €","4,05 €/ud",https://www.carrefour.es/supermercado/ambientador-automatico-fresh-matic-oasis-turquesa-recambio-air-wick-1-ud-air-wick/R-794451527/p
Limpieza y hogar,Pañuelos ultrasoft 4 capas Kleenex 10 ud.,"1,81 €","0,18 €/ud",https://www.carrefour.es/supermercado/panuelos-ultrasoft-4-capas-kleenex-10-ud/R-VC4AECOMM-555294/p
Limpieza y hogar,Salvauñas VILEDA Ultrafresh 2 +1 - Verde,"2,20 €","1,10 €/ud",https://www.carrefour.es/supermercado/salvaunas-vileda-ultrafresh-2-1-verde-vileda/R-prod1120645/p
Limpieza y hogar,Set de 3 Bayeta Microfibra VILEDA Ultra Fresh,"3,60 €","1,20 €/ud",https://www.carrefour.es/supermercado/set-de-3-bayeta-microfibra-vileda-ultra-fresh-vileda/R-fprod1220203/p
Limpieza y hogar,Bolsa de basura 100L- Negra,"2,50 €","0,12 €/ud",https://www.carrefour.es/supermercado/bolsa-de-basura-100l-negra/R-760001302/p
Limpieza y hogar,Potenciador de lavado en polvo Vanish Oxi-Advance 800 g.,"11,15 €","13,94 €/kg",https://www.carrefour.es/supermercado/potenciador-de-lavado-en-polvo-vanish-oxi-advance-800-g/R-VC4AECOMM-550428/p
Limpieza y hogar,"Pilas Alcalinas AA Duracell Ultra, paquete de 8","9,90 €","1,24 €/ud",https://www.carrefour.es/supermercado/pilas-alcalinas-aa-duracell-ultra-paquete-de-8-duracell/R-829844914/p
Limpieza y hogar,Suavizante estallido de pasión Intense Mimosin 52 lavados,"4,00 €","0,08 €/lavado",https://www.carrefour.es/supermercado/suavizante-estallido-de-pasion-intense-mimosin-52-lavados/R-VC4AECOMM-551596/p
Limpieza y hogar,Limpiador en crema aroma limón Producto Blanco 750 ml,"0,99 €","1,32 €/l",https://www.carrefour.es/supermercado/limpiador-en-crema-aroma-limon-producto-blanco-750-ml-producto-blanco/R-538408123/p
Limpieza y hogar,Detergente en polvo limpiaza en profundidad Carrefour 50 lavados.,"6,55 €","0,13 €/lavado",https://www.carrefour.es/supermercado/detergente-en-polvo-limpiaza-en-profundidad-carrefour-50-lavados-carrefour/R-529039408/p
Limpieza y hogar,Plumero Antiestático ROZENBAL - Fucsia,"2,90 €","2,90 €/ud",https://www.carrefour.es/supermercado/plumero-antiestatico-rozenbal-fucsia/R-869702067/p
Limpieza y hogar,Sartén Baja de Aluminio forjado TEFAL Talent Pro 28cm - Negro,"3,15 €","20,00 €/ud",https://www.carrefour.es/supermercado/sarten-baja-de-aluminio-forjado-tefal-talent-pro-28cm-negro-tefal/R-prod230718/p
Limpieza y hogar,Ambientador eléctrico Jabón Natural recambio Ambipur 1 ud.,"3,60 €","3,15 €/ud",https://www.carrefour.es/supermercado/ambientador-electrico-jabon-natural-recambio-ambipur-1-ud-ambipur/R-691605951/p
Limpieza y hogar,Suavizante Creaciones flor lirio y lima Mimosín 58 lavados.,"3,25 €","0,06 €/lavado",https://www.carrefour.es/supermercado/suavizante-creaciones-flor-lirio-y-lima-mimosin-58-lavados-mimosin/R-prod250009/p
Limpieza y hogar,10 Bolsas de basura de Plástico reciclado Handy Bag Resistente 50 Litros - Verde,"2,90 €","0,32 €/ud",https://www.carrefour.es/supermercado/10-bolsas-de-basura-de-plastico-reciclado-handy-bag-resistente-50-litros-verde-albal/R-787404001/p
Limpieza y hogar,Papel higiénico húmedo Pure Colhogar 80 ud.,"2,39 €","0,04 €/ud",https://www.carrefour.es/supermercado/papel-higienico-humedo-pure-colhogar-80-ud-colhogar/R-prod800032/p
Limpieza y hogar,"Limpiador multiusos pino frescor y limpieza Ajax 1,25 l.","5,25 €","1,91 €/l",https://www.carrefour.es/supermercado/limpiador-multiusos-pino-frescor-y-limpieza-ajax-1-25-l/R-fprod1380212/p
Limpieza y hogar,Abrillantador de lavavajillas 0% Calgonit Finish 400 ml.,"1,50 €","13,12 €/l",https://www.carrefour.es/supermercado/abrillantador-de-lavavajillas-0-calgonit-finish-400-ml/R-VC4AECOMM-419608/p
Limpieza y hogar,Plumero atrapapolvo con 5 recambios Carrefour 1 ud.,"1,99 €","0,40 €/ud",https://www.carrefour.es/supermercado/plumero-atrapapolvo-con-5-recambios-carrefour-1-ud-carrefour/R-521001951/p
Limpieza y hogar,Detergente en cápsulas Vanish Ultra Colon 32 ud.,"4,40 €","0,31 €/lavado",https://www.carrefour.es/supermercado/detergente-en-capsulas-vanish-ultra-colon-32-ud-colon/R-848200392/p
Limpieza y hogar,Suavizante concentrado azul fresh control Vernel 70 lavados.,"0,90 €","0,05 €/lavado",https://www.carrefour.es/supermercado/suavizante-concentrado-azul-fresh-control-vernel-70-lavados/R-VC4AECOMM-497517/p
Limpieza y hogar,Ambientador aerosol Pure Flores de Cerezo Air Wick 250 ml.,"2,05 €","17,60 €/l",https://www.carrefour.es/supermercado/ambientador-aerosol-pure-flores-de-cerezo-air-wick-250-ml-air-wick/R-795757605/p
Limpieza y hogar,Ambientador aerosol costa blanca Splash 300 ml.,"2,90 €","3,00 €/l",https://www.carrefour.es/supermercado/ambientador-aerosol-costa-blanca-splash-300-ml/R-VC4AECOMM-523337/p
Limpieza y hogar,Antical para lavadoras en pastillas Carrefour 15 ud.,"1,51 €","0,14 €/ud",https://www.carrefour.es/supermercado/antical-para-lavadoras-en-pastillas-carrefour-15-ud-carrefour/R-prod1060203/p
Limpieza y hogar,Estropajos VILEDA Colors - Multicolor,"0,80 €","0,97 €/ud",https://www.carrefour.es/supermercado/estropajos-vileda-colors-multicolor-vileda/R-843302431/p
Limpieza y hogar,Lejia perfumada Ace 2 l.,"3,15 €","0,75 €/l",https://www.carrefour.es/supermercado/lejia-perfumada-ace-2-l-ace/R-521001712/p
Limpieza y hogar,Cápsula Magdalena N8 - Blanco,"2,75 €","0,02 €/ud",https://www.carrefour.es/supermercado/capsula-magdalena-n8-blanco-ph/R-528412256/p
Limpieza y hogar,Ambientador eléctrico Harmonía de Vainilla recambio Ambipur 1 ud.,"1,77 €","3,15 €/ud",https://www.carrefour.es/supermercado/ambientador-electrico-harmonia-de-vainilla-recambio-ambipur-1-ud-ambipur/R-693502413/p
Limpieza y hogar,Limpiador de metales Algodón Mágico Stark 100 g.,"1,80 €","27,50 €/kg",https://www.carrefour.es/supermercado/limpiador-de-metales-algodon-magico-stark-100-g-stark/R-prod1120232/p
Limpieza y hogar,Pañuelos Disney Kleenex 15 ud.,"4,60 €","0,12 €/ud",https://www.carrefour.es/supermercado/panuelos-disney-kleenex-15-ud-kleenex/R-521016273/p
Limpieza y hogar,Escoba para Pequeños Espacios Carrefour,"3,78 €","1,80 €/ud",https://www.carrefour.es/supermercado/escoba-para-pequenos-espacios-carrefour-carrefour/R-655302064/p
Limpieza y hogar,Ambientador eléctrico 3Volution Delicadas Flores Rosas recambio Ambipur 1 ud.,"1,27 €","4,60 €/ud",https://www.carrefour.es/supermercado/ambientador-electrico-3volution-delicadas-flores-rosas-recambio-ambipur-1-ud-ambipur/R-816213769/p
Limpieza y hogar,Colgador WC aroma manzan floral y lirio de agua Bref 2 ud.,"1,67 €","1,89 €/ud",https://www.carrefour.es/supermercado/colgador-wc-aroma-manzan-floral-y-lirio-de-agua-bref-2-ud-bref/R-prod760032/p
Limpieza y hogar,Lavaparabrisas Carrefour 5L,"1,35 €","0,78 €/l",https://www.carrefour.es/supermercado/lavaparabrisas-carrefour-5l-carrefour/R-526204847/p
Limpieza y hogar,"Limpiahogar multisuperficies ph neutro Carrefour 1,5 l.","1,10 €","0,85 €/l",https://www.carrefour.es/supermercado/limpiahogar-multisuperficies-ph-neutro-carrefour-1-5-l/R-VC4AECOMM-478626/p
Limpieza y hogar,Ambientador para el armario fresa y nata The Fruit Company 1 ud.,"1,04 €","1,67 €/ud",https://www.carrefour.es/supermercado/ambientador-para-el-armario-fresa-y-nata-the-fruit-company-1-ud/R-prod1150003/p
Limpieza y hogar,Estropajo Fibra Reciclada ROBENZAL Eco 4 ud - Verde,"4,95 €","0,34 €/ud",https://www.carrefour.es/supermercado/estropajo-fibra-reciclada-robenzal-eco-4-ud-verde/R-VC4AECOMM-475965/p
Limpieza y hogar,Papel higiénico Pure Natural Colhogar 12 rollos.,"1,99 €","0,49 €/ud",https://www.carrefour.es/supermercado/papel-higienico-pure-natural-colhogar-12-rollos/R-VC4AECOMM-588400/p
Limpieza y hogar,Detergente en cápsulas duo cerezos de Japón Carrefour 30 ud.,"6,00 €","0,20 €/lavado",https://www.carrefour.es/supermercado/detergente-en-capsulas-duo-cerezos-de-japon-carrefour-30-ud-carrefour/R-prod820355/p
Limpieza y hogar,Lavavajillas máquina quantum ultimate en pastillas Finish 84 ud.,"24,30 €","0,29 €/ud",https://www.carrefour.es/supermercado/lavavajillas-maquina-quantum-ultimate-en-pastillas-finish-84-ud-finish/R-prod1170154/p
Limpieza y hogar,Set de 36 Pinzas de plástico para la ropa TARRES de Plástico 70x15 mm -Surtido,"1,60 €","0,04 €/ud",https://www.carrefour.es/supermercado/set-de-36-pinzas-de-plastico-para-la-ropa-tarres-de-plastico-70x15-mm-surtido-mondex/R-760602097/p
Limpieza y hogar,Papel higiénico protect care 3 capas Colhogar 18 rollos.,"9,35 €","0,52 €/ud",https://www.carrefour.es/supermercado/papel-higienico-protect-care-3-capas-colhogar-18-rollos-colhogar/R-733411864/p
Limpieza y hogar,Vasos Redondo de Vidrio LUMINARC Concepto 9x9cm 6 ud- Transparente,"2,99 €","0,50 €/ud",https://www.carrefour.es/supermercado/vasos-redondo-de-vidrio-luminarc-concepto-9x9cm-6-ud-transparente-luminarc/R-prod710129/p
Limpieza y hogar,Esponja Forradas CARREFOUR 2 ud - Morado y plata,"0,99 €","0,99 €/ud",https://www.carrefour.es/supermercado/esponja-forradas-carrefour-2-ud-morado-y-plata-carrefour/R-657201647/p
Limpieza y hogar,Limpiador multiusos concentrado de vinagre con detergente Disiclin 750 ml.,"1,39 €","1,85 €/l",https://www.carrefour.es/supermercado/limpiador-multiusos-concentrado-de-vinagre-con-detergente-disiclin-750-ml-disiclin/R-fprod1220436/p
Limpieza y hogar,Quitagrasa aroma cítrico KH-7 750 ml.,"3,10 €","4,13 €/l",https://www.carrefour.es/supermercado/quitagrasa-aroma-citrico-kh-7-750-ml-kh-7/R-530363652/p
Limpieza y hogar,Esponja limpia calzado Incolora Yak 1 ud.,"1,20 €","1,20 €/ud",https://www.carrefour.es/supermercado/esponja-limpia-calzado-incolora-yak-1-ud-yak/R-521011608/p
Limpieza y hogar,Quitagrasas ecológico KH-7 650 ml.,"3,39 €","5,22 €/l",https://www.carrefour.es/supermercado/quitagrasas-ecologico-kh-7-650-ml-kh-7/R-prod760030/p
Limpieza y hogar,Bolsa de Basura RELEVO 50 l 10 ud - Verde,"2,49 €","0,17 €/ud",https://www.carrefour.es/supermercado/bolsa-de-basura-relevo-50-l-10-ud-verde-relevo/R-fprod1360138/p
Limpieza y hogar,Ambientador eléctrico con recambio Japan Ambipur 1 ud.,"4,60 €","4,60 €/ud",https://www.carrefour.es/supermercado/ambientador-electrico-con-recambio-japan-ambipur-1-ud-ambipur/R-prod1161008/p
Limpieza y hogar,Detergente líquido aromaterapia frescor sensual Dixan 50 lavados.,"8,90 €","0,18 €/lavado",https://www.carrefour.es/supermercado/detergente-liquido-aromaterapia-frescor-sensual-dixan-50-lavados-dixan/R-prod830313/p
Limpieza y hogar,Gel para lavavajillas Oro aroma lima y limón Somat pack de 2 unidades de 50 lavados.,"14,25 €","0,14 €/lavado",https://www.carrefour.es/supermercado/gel-para-lavavajillas-oro-aroma-lima-y-limon-somat-pack-de-2-unidades-de-50-lavados-somat/R-prod830436/p
Limpieza y hogar,"Limpiahogar Euphoria Brillante Tenn 1,25 l.","3,00 €","2,40 €/l",https://www.carrefour.es/supermercado/limpiahogar-euphoria-brillante-tenn-1-25-l-tenn/R-765206995/p
Limpieza y hogar,Discos activos inodoros aroma marino recambio Pato 1 ud.,"2,75 €","2,75 €/ud",https://www.carrefour.es/supermercado/discos-activos-inodoros-aroma-marino-recambio-pato-1-ud-pato/R-prod620933/p
Limpieza y hogar,Ambientador automático recambio Pure Flor Air Wick 3 ud.,"10,50 €","3,50 €/ud",https://www.carrefour.es/supermercado/ambientador-automatico-recambio-pure-flor-air-wick-3-ud-air-wick/R-fprod1190677/p
Limpieza y hogar,Detergente en cápsulas higiene y antiolores 4en1 Wipp Express 50 ud.,"16,25 €","0,32 €/ud",https://www.carrefour.es/supermercado/detergente-en-capsulas-higiene-y-antiolores-4en1-wipp-express-50-ud-wipp-express/R-fprod1420318/p
Limpieza y hogar,Lavavajillas máquina 0% en pastillas Calgonit Finish 60 ud.,"16,60 €","0,28 €/ud",https://www.carrefour.es/supermercado/lavavajillas-maquina-0-en-pastillas-calgonit-finish-60-ud/R-VC4AECOMM-419609/p
Limpieza y hogar,Lavavajillas a mano para pieles sensibles perfume floral Carrefour Essential 750 ml.,"1,16 €","1,16 €/l",https://www.carrefour.es/supermercado/lavavajillas-a-mano-para-pieles-sensibles-perfume-floral-carrefour-essential-750-ml/R-VC4AECOMM-490123/p
Limpieza y hogar,Quitamanchas blanqueador líquido Vanish Oxi-Advance 800 ml.,"6,20 €","7,75 €/l",https://www.carrefour.es/supermercado/quitamanchas-blanqueador-liquido-vanish-oxi-advance-800-ml/R-VC4AECOMM-550400/p
Limpieza y hogar,Fregasuelos concentrado cian Avevi 950 ml.,"2,10 €","2,21 €/l",https://www.carrefour.es/supermercado/fregasuelos-concentrado-cian-avevi-950-ml-asevi/R-prod890175/p
Limpieza y hogar,Cera efecto barniz para parquet y suelos de madera Hechicera 750 ml.,"2,95 €","3,93 €/l",https://www.carrefour.es/supermercado/cera-efecto-barniz-para-parquet-y-suelos-de-madera-hechicera-750-ml-hechicera/R-fprod1250143/p
Limpieza y hogar,Detergente en pastillas blanco puro Puntomatic 8 ud.,"0,95 €","0,24 €/lavado",https://www.carrefour.es/supermercado/detergente-en-pastillas-blanco-puro-puntomatic-8-ud-puntomatic/R-prod395310/p
Limpieza y hogar,Lavavajillas a mano ultra aroma limón Fairy 780 ml.,"3,15 €","4,04 €/l",https://www.carrefour.es/supermercado/lavavajillas-a-mano-ultra-aroma-limon-fairy-780-ml-fairy/R-808725886/p
Limpieza y hogar,Lavavajillas a mano desengrasante frutos rojos Carrefour Expert 1 l.,"1,49 €","1,49 €/l",https://www.carrefour.es/supermercado/lavavajillas-a-mano-desengrasante-frutos-rojos-carrefour-expert-1-l/R-VC4AECOMM-490137/p
Limpieza y hogar,Suavizante concentrado Oceánico Flor 64 lavados.,"4,01 €","0,06 €/lavado",https://www.carrefour.es/supermercado/suavizante-concentrado-oceanico-flor-64-lavados-flor/R-prod540214/p
Limpieza y hogar,Apresto instantáneo para planchado spray Toke 500 ml.,"4,70 €","9,40 €/l",https://www.carrefour.es/supermercado/apresto-instantaneo-para-planchado-spray-toke-500-ml-toke/R-521001655/p
Limpieza y hogar,Fregasuelos insecticida Desic aroma lavanda KH-7 750 ml.,"3,39 €","4,52 €/l",https://www.carrefour.es/supermercado/fregasuelos-insecticida-desic-aroma-lavanda-kh-7-750-ml-kh-7/R-780049817/p
Limpieza y hogar,Quitagrasas desinfectante sin lejía KH-7 650 ml.,"3,70 €","5,69 €/l",https://www.carrefour.es/supermercado/quitagrasas-desinfectante-sin-lejia-kh-7-650-ml-kh-7/R-prod450032/p
Limpieza y hogar,Cepillo para limpieza de rincones Rozenbal - Azul,"2,20 €","2,20 €/ud",https://www.carrefour.es/supermercado/cepillo-para-limpieza-de-rincones-rozenbal-azul/R-831218861/p
Limpieza y hogar,Recipiente Hermético Rectangular de Cristal 1 L. - Transparente,"4,99 €","4,99 €/ud",https://www.carrefour.es/supermercado/recipiente-hermetico-rectangular-de-cristal-1-l-transparente/R-846900584/p
Limpieza y hogar,Perfumador de ropa Instant Azul Spray Flor 345 ml.,"3,59 €","10,41 €/l",https://www.carrefour.es/supermercado/perfumador-de-ropa-instant-azul-spray-flor-345-ml-flor/R-662301795/p
Limpieza y hogar,Colgador WC aroma melocotón duce y manzana roja Bref 2 ud.,"3,78 €","1,89 €/ud",https://www.carrefour.es/supermercado/colgador-wc-aroma-melocoton-duce-y-manzana-roja-bref-2-ud-bref/R-prod770008/p
Limpieza y hogar,Bolsas de congelacion pequeñas Albal 40 ud.,"3,39 €","0,08 €/ud",https://www.carrefour.es/supermercado/bolsas-de-congelacion-pequenas-albal-40-ud-albal/R-546102262/p
Limpieza y hogar,Pack de 8+4 Pilas Alcalinas Uso Frecuente Aa Lr06 Ultra Plus,"8,95 €","1,12 €/ud",https://www.carrefour.es/supermercado/pack-de-84-pilas-alcalinas-uso-frecuente-aa-lr06-ultra-plus-energizer/R-521014050/p
Limpieza y hogar,Pañuelos faciales respeta el planeta ecológicos Renova 72 ud.,"1,33 €","0,02 €/ud",https://www.carrefour.es/supermercado/panuelos-faciales-respeta-el-planeta-ecologicos-renova-72-ud/R-VC4AECOMM-482490/p
Limpieza y hogar,Pack de 8+4 Pilas Alcalinas Uso Frecuente Aaa Lr03 Ultra Plus,"8,95 €","1,12 €/ud",https://www.carrefour.es/supermercado/pack-de-84-pilas-alcalinas-uso-frecuente-aaa-lr03-ultra-plus-energizer/R-521034763/p
Limpieza y hogar,Fregona de tiras BALLERINA - Amarilla,"2,50 €","2,50 €/ud",https://www.carrefour.es/supermercado/fregona-de-tiras-ballerina-amarilla-ballerina/R-790069052/p
Limpieza y hogar,2 Estropajos salvauñas Extreme SCOTCH BRITE - Morado,"2,50 €","1,25 €/ud",https://www.carrefour.es/supermercado/2-estropajos-salvaunas-extreme-scotch-brite-morado-scotch-brite/R-831314077/p
Limpieza y hogar,Gel WC Antical frescor Intenso Domestos 750 ml.,"1,79 €","0,24 €/100ml",https://www.carrefour.es/supermercado/gel-wc-antical-frescor-intenso-domestos-750-ml-domestos/R-prod270191/p
Limpieza y hogar,Gel lavavajillas todo en 1 Somat Gel 60 lavados,"8,90 €","0,15 €/lavado",https://www.carrefour.es/supermercado/gel-lavavajillas-todo-en-1-somat-gel-60-lavados/R-VC4AECOMM-553404/p
Limpieza y hogar,"Quitamanchas líquido Oxy Blanco puro Neutrex 2,62 l.","4,90 €","1,87 €/l",https://www.carrefour.es/supermercado/quitamanchas-liquido-oxy-blanco-puro-neutrex-2-62-l-neutrex/R-803482659/p
Limpieza y hogar,Detergente en cápsulas ecológico Flopp 16 lavados.,"4,40 €","0,27 €/lavado",https://www.carrefour.es/supermercado/detergente-en-capsulas-ecologico-flopp-16-lavados-flopp/R-prod1023180/p
Limpieza y hogar,Detergente en cápsulas sensación Ariel 23 ud.,"8,65 €","0,38 €/lavado",https://www.carrefour.es/supermercado/detergente-en-capsulas-sensacion-ariel-23-ud/R-VC4AECOMM-460706/p
Limpieza y hogar,Limpiador desinfectante sin lejía multiusos magic Disiclin 1000 ml,"2,00 €","2,00 €/l",https://www.carrefour.es/supermercado/limpiador-desinfectante-sin-lejia-multiusos-magic-disiclin-1000-ml/R-VC4AECOMM-507916/p
Limpieza y hogar,Limpiador de aceros inoxidables Carrefour 500 ml.,"1,50 €","3,00 €/l",https://www.carrefour.es/supermercado/limpiador-de-aceros-inoxidables-carrefour-500-ml-carrefour/R-521001436/p
Limpieza y hogar,Suavizante concentrado de flor cítrica y minerales Aromaterapia+ Vernel 76 lavados.,"3,80 €","0,05 €/lavado",https://www.carrefour.es/supermercado/suavizante-concentrado-de-flor-citrica-y-minerales-aromaterapia-vernel-76-lavados-vernel/R-fprod1220248/p
Limpieza y hogar,Colgador WC Blue Activ Bref 3 ud.,"5,05 €","1,68 €/ud",https://www.carrefour.es/supermercado/colgador-wc-blue-activ-bref-3-ud-bref/R-prod860633/p
Limpieza y hogar,Set de 4 Bayetas Absorbentes Impresas CARREFOUR - Decorado,"1,15 €","0,29 €/ud",https://www.carrefour.es/supermercado/set-de-4-bayetas-absorbentes-impresas-carrefour-decorado-carrefour/R-prod810072/p
Limpieza y hogar,Bolsas de congelación 3 tamaños Albal 1 ud.,"3,55 €","3,55 €/ud",https://www.carrefour.es/supermercado/bolsas-de-congelacion-3-tamanos-albal-1-ud-albal/R-600804450/p
Limpieza y hogar,Ambientador eléctrico Campos de Lavanda 1 recambi Ambipur 1 ud.,"6,27 €","2,90 €/ud",https://www.carrefour.es/supermercado/ambientador-electrico-campos-de-lavanda-1-recambi-ambipur-1-ud-ambipur/R-693502415/p
Limpieza y hogar,Ambientador eléctrico White Bouquet recambio Air Wick 2 ud.,"2,70 €","3,13 €/ud",https://www.carrefour.es/supermercado/ambientador-electrico-white-bouquet-recambio-air-wick-2-ud-air-wick/R-698810253/p
Limpieza y hogar,Lavavajillas a mano concentrado al romero ecológico Frosch 750 ml.,"1,50 €","3,60 €/l",https://www.carrefour.es/supermercado/lavavajillas-a-mano-concentrado-al-romero-ecologico-frosch-750-ml/R-VC4AECOMM-416627/p
Limpieza y hogar,"Guarda Mascarillas CARREFOUR HOME IM 1,2x11x11 cm - Rojo","8,55 €","1,50 €/ud",https://www.carrefour.es/supermercado/guarda-mascarillas-carrefour-home-im-1-2x11x11-cm-rojo/R-VC4AECOMM-539017/p
Limpieza y hogar,Detergente en cápsulas Carrefour Expert 50 ud.,"2,99 €","0,17 €/ud",https://www.carrefour.es/supermercado/detergente-en-capsulas-carrefour-expert-50-ud-carrefour/R-prod820330/p
Limpieza y hogar,Sosa Caústica Carrefour 1 kg.,"7,40 €","2,99 €/kg",https://www.carrefour.es/supermercado/sosa-caustica-carrefour-1-kg/R-VC4AECOMM-436699/p
Limpieza y hogar,Detergente liquido frescor duradero Micolor 30 lavados.,"2,39 €","0,25 €/lavado",https://www.carrefour.es/supermercado/detergente-liquido-frescor-duradero-micolor-30-lavados/R-VC4AECOMM-469101/p
Limpieza y hogar,Suavizante concentrado almendra ecológico Frosch 31 lavados.,"7,99 €","0,08 €/lavado",https://www.carrefour.es/supermercado/suavizante-concentrado-almendra-ecologico-frosch-31-lavados-frosch/R-837306034/p
Limpieza y hogar,Tendedero con Alas de Metal 55 x 127 x 105 cm - Azul,"4,10 €","7,99 €/ud",https://www.carrefour.es/supermercado/tendedero-con-alas-de-metal-55-x-127-x-105-cm-azul-carrefour/R-764102059/p
Limpieza y hogar,Ambientador absorbeolores para el frigorífico XL Croc Odor 1 ud.,"2,46 €","4,10 €/ud",https://www.carrefour.es/supermercado/ambientador-absorbeolores-para-el-frigorifico-xl-croc-odor-1-ud-croc-odor/R-546306162/p
Limpieza y hogar,Ambientador Relax Zen recambio Glade by brise 1 ud.,"17,00 €","2,46 €/ud",https://www.carrefour.es/supermercado/ambientador-relax-zen-recambio-glade-by-brise-1-ud-glade-by-brise/R-712703605/p
Limpieza y hogar,Detergente en polvo Wipp Express 100 lavados.,"16,90 €","0,17 €/lavado",https://www.carrefour.es/supermercado/detergente-en-polvo-wipp-express-100-lavados-wipp-express/R-prod61357/p
Limpieza y hogar,"Limpiador desinfectante en gel Domestos 1,25 l.","3,90 €","1,80 €/l",https://www.carrefour.es/supermercado/limpiador-desinfectante-en-gel-domestos-1-25-l-domestos/R-521001282/p
Limpieza y hogar,Detergente líquido alpine Ariel 66 lavados.,"4,75 €","0,26 €/lavado",https://www.carrefour.es/supermercado/detergente-liquido-alpine-ariel-66-lavados/R-VC4AECOMM-473475/p
Limpieza y hogar,Pack de 6 Pilas Alcalinas I-Tech Carrefour Lr06 (Aa),"3,60 €","0,65 €/ud",https://www.carrefour.es/supermercado/pack-de-6-pilas-alcalinas-i-tech-carrefour-lr06-aa-carrefour/R-829844509/p
Limpieza y hogar,Detergente líquido para ropa de deporte Perlan 25 lavados.,"1,99 €","0,19 €/lavado",https://www.carrefour.es/supermercado/detergente-liquido-para-ropa-de-deporte-perlan-25-lavados-perlan/R-prod61784/p
Limpieza y hogar,Suavizante Creaciones flor de cerezo y granada Mimosín 58 lavados.,"7,40 €","0,06 €/lavado",https://www.carrefour.es/supermercado/suavizante-creaciones-flor-de-cerezo-y-granada-mimosin-58-lavados-mimosin/R-prod250205/p
Limpieza y hogar,Plumero de interior - Multicolor,"5,65 €","1,99 €/ud",https://www.carrefour.es/supermercado/plumero-de-interior-multicolor/R-770218596/p
Limpieza y hogar,Vela perfumada delicadezza Carrefour Essential 1 ud.,"1,70 €","1,70 €/ud",https://www.carrefour.es/supermercado/vela-perfumada-delicadezza-carrefour-essential-1-ud/R-VC4AECOMM-547806/p
Limpieza y hogar,Detergente líquido con jabón cuidado natural para tu ropa Lagarto 40 lavados,"4,75 €","0,12 €/lavado",https://www.carrefour.es/supermercado/detergente-liquido-con-jabon-cuidado-natural-para-tu-ropa-lagarto-40-lavados-lagarto/R-829118096/p
Limpieza y hogar,Detergente liquido expert optimal clean frescor alpino Carrefour 36 lavados.,"4,70 €","0,13 €/lavado",https://www.carrefour.es/supermercado/detergente-liquido-expert-optimal-clean-frescor-alpino-carrefour-36-lavados/R-VC4AECOMM-465753/p
Limpieza y hogar,Detergente en cápsulas Dixan Total Duo-Caps 24 ud.,"6,54 €","0,27 €/lavado",https://www.carrefour.es/supermercado/detergente-en-capsulas-dixan-total-duo-caps-24-ud-dixan/R-845100684/p
Limpieza y hogar,Lavavajillas a mano concentrado aroma limón ecológico Frosch 750 ml.,"2,40 €","3,20 €/l",https://www.carrefour.es/supermercado/lavavajillas-a-mano-concentrado-aroma-limon-ecologico-frosch-750-ml-frosch/R-590206997/p
Limpieza y hogar,Pegamento super rápido gel 3x1g,"2,95 €","2,95 €/ud",https://www.carrefour.es/supermercado/pegamento-super-rapido-gel-3x1g/R-VC4AECOMM-371094/p
Limpieza y hogar,Quitamanchas blanco nuclear en polvo Iberia 450 g.,"4,15 €","9,22 €/kg",https://www.carrefour.es/supermercado/quitamanchas-blanco-nuclear-en-polvo-iberia-450-g-iberia/R-827513251/p
Limpieza y hogar,Bayeta escurrevajillas Sin gota XL VILEDA - Azul,"3,20 €","3,20 €/ud",https://www.carrefour.es/supermercado/bayeta-escurrevajillas-sin-gota-xl-vileda-azul-vileda/R-527030336/p
Limpieza y hogar,Bayeta Microfibra Multiuso de gran Tamaño SPONTEX 6 ud - Multicolor,"5,20 €","0,87 €/ud",https://www.carrefour.es/supermercado/bayeta-microfibra-multiuso-de-gran-tamano-spontex-6-ud-multicolor-spontex/R-prod1140201/p
Limpieza y hogar,Descalcificador Pequeño Electrodoméstico Carrefour 500 ml.,"1,80 €","3,60 €/l",https://www.carrefour.es/supermercado/descalcificador-pequeno-electrodomestico-carrefour-500-ml/R-fprod1460561/p
Limpieza y hogar,Spray limpia gafas y pantallas Fami 30 ml.,"2,39 €","7,97 €/100ml",https://www.carrefour.es/supermercado/spray-limpia-gafas-y-pantallas-fami-30-ml/R-VC4AECOMM-496545/p
Limpieza y hogar,Filtros para Cafetera de Papel MELITA 1x4 80 ud - Blanco,"2,99 €","0,04 €/ud",https://www.carrefour.es/supermercado/filtros-para-cafetera-de-papel-melita-1x4-80-ud-blanco-carrefour/R-526404026/p
Limpieza y hogar,Limpiador desinfectante sin lejía multiusos active Disiclin 1000 ml,"2,10 €","2,10 €/l",https://www.carrefour.es/supermercado/limpiador-desinfectante-sin-lejia-multiusos-active-disiclin-1000-ml/R-VC4AECOMM-509673/p
Limpieza y hogar,Set de Servilletas 1 capa de Celulosa RENOVA Red Label 420pz - Color y Decoradas,"4,90 €","0,01 €/ud",https://www.carrefour.es/supermercado/set-de-servilletas-1-capa-de-celulosa-renova-red-label-420pz-color-y-decoradas-renova/R-609801568/p
Limpieza y hogar,"Carbón Vegetal Don Carbón 2,5 Kg","2,95 €","1,18 €/kg",https://www.carrefour.es/supermercado/carbon-vegetal-don-carbon-2-5-kg-don-carbon/R-prod760476/p
Limpieza y hogar,Papel higiénico húmedo Spa Sensation Scottex 66 ud.,"2,90 €","0,04 €/ud",https://www.carrefour.es/supermercado/papel-higienico-humedo-spa-sensation-scottex-66-ud-scottex/R-863200491/p
Limpieza y hogar,Gel para lavavajillas Oro aroma lima y limón Somat 35 lavados.,"5,49 €","0,16 €/lavado",https://www.carrefour.es/supermercado/gel-para-lavavajillas-oro-aroma-lima-y-limon-somat-35-lavados-somat/R-prod230162/p
Limpieza y hogar,Detergente líquico ecológico con jabón vegetal L'arbre Vert 30 lavados.,"8,50 €","0,28 €/lavado",https://www.carrefour.es/supermercado/detergente-liquico-ecologico-con-jabon-vegetal-larbre-vert-30-lavados-larbre-vert/R-prod870613/p
Limpieza y hogar,Blanqueador de juntas de azulejos Baldosinín 200 ml.,"2,69 €","13,45 €/l",https://www.carrefour.es/supermercado/blanqueador-de-juntas-de-azulejos-baldosinin-200-ml-baldosinin/R-521001274/p
Limpieza y hogar,Guante Desechable Vinilo SPONTEX Protect Talla 6 100 ud,"11,95 €","11,95 €/ud",https://www.carrefour.es/supermercado/guante-desechable-vinilo-spontex-protect-talla-6-100-ud/R-VC4AECOMM-551145/p
Limpieza y hogar,Cintas Correctoras Carrefour 3x5m,"3,40 €","1,13 €/ud",https://www.carrefour.es/supermercado/cintas-correctoras-carrefour-3x5m-carrefour/R-606511075/p
Limpieza y hogar,Gel WC ultra white domestos 750 ml,"1,79 €","0,24 €/100ml",https://www.carrefour.es/supermercado/gel-wc-ultra-white-domestos-750-ml-domestos/R-849900329/p
Limpieza y hogar,Blanqueador sin lejía en polvo Vanish 600 g.,"2,55 €","4,25 €/kg",https://www.carrefour.es/supermercado/blanqueador-sin-lejia-en-polvo-vanish-600-g-vanish/R-prod290977/p
Limpieza y hogar,Quitamanchas en seco spray Cebralín 200 ml.,"3,20 €","16,00 €/l",https://www.carrefour.es/supermercado/quitamanchas-en-seco-spray-cebralin-200-ml-cebralin/R-521001673/p
Limpieza y hogar,Set de 3 Filtros de Plástico BRITA Maxtra +,"22,00 €","7,33 €/ud",https://www.carrefour.es/supermercado/set-de-3-filtros-de-plastico-brita-maxtra--brita/R-prod100324/p
Limpieza y hogar,Detergente líquido ecológico flor de naranjo y hojas cítricas Botanical Origin 35 lavados.,"10,30 €","0,29 €/ud",https://www.carrefour.es/supermercado/detergente-liquido-ecologico-flor-de-naranjo-y-hojas-citricas-botanical-origin-35-lavados/R-VC4AECOMM-419040/p
Limpieza y hogar,Quitamanchas en gel ropa blanca 4 Vanish Oxi-Action 900 ml.,"4,20 €","4,67 €/l",https://www.carrefour.es/supermercado/quitamanchas-en-gel-ropa-blanca-4-vanish-oxi-action-900-ml-vanish-oxiaction/R-fprod1270045/p
Limpieza y hogar,Potenciador del lavado líquido Vanish Oxi-Advance 1600 ml.,"11,15 €","6,97 €/l",https://www.carrefour.es/supermercado/potenciador-del-lavado-liquido-vanish-oxi-advance-1600-ml/R-VC4AECOMM-550402/p
Limpieza y hogar,2 Led Estandar 9WE27 Blanca,"6,95 €","3,47 €/ud",https://www.carrefour.es/supermercado/2-led-estandar-9we27-blanca-7hsevenon/R-prod880317/p
Limpieza y hogar,Ambientador aerosol Pure Flor Air Wick 250 ml.,"4,40 €","17,60 €/l",https://www.carrefour.es/supermercado/ambientador-aerosol-pure-flor-air-wick-250-ml-air-wick/R-795768707/p
Limpieza y hogar,Cubo VILEDA WRING & GO - Gris,"8,00 €","8,00 €/ud",https://www.carrefour.es/supermercado/cubo-vileda-wring-go-gris-vileda/R-prod870243/p
Limpieza y hogar,Fregasuelos concentrado multi superficies super perfumado multiusos aroma silver Disiclin 1000 ml.,"1,99 €","1,99 €/l",https://www.carrefour.es/supermercado/fregasuelos-concentrado-multi-superficies-super-perfumado-multiusos-aroma-silver-disiclin-1000-ml-disiclin/R-prod870623/p
Limpieza y hogar,Papel higiénico 3 capas Seda Foxy 30 rollos.,"16,40 €","0,55 €/ud",https://www.carrefour.es/supermercado/papel-higienico-3-capas-seda-foxy-30-rollos-foxy/R-863300349/p
Limpieza y hogar,Detergente líquido adiós al separar Dixan Total 70 lavados.,"12,75 €","0,18 €/lavado",https://www.carrefour.es/supermercado/detergente-liquido-adios-al-separar-dixan-total-70-lavados-dixan/R-fprod1400014/p
Limpieza y hogar,Colgador WC activo triple acción azul recambio Pato 2 ud.,"3,65 €","1,82 €/ud",https://www.carrefour.es/supermercado/colgador-wc-activo-triple-accion-azul-recambio-pato-2-ud-pato/R-521001331/p
Limpieza y hogar,"Set de 3 Botes Rectangulares de Plástico CRF HOME Carrefour 0,9 L. - Transparente","1,60 €","0,53 €/ud",https://www.carrefour.es/supermercado/set-de-3-botes-rectangulares-de-plastico-crf-home-carrefour-0-9-l-transparente-carrefour/R-609801630/p
Limpieza y hogar,Colgador antipolillas perfumados lavanda fresca Polil 4 ud.,"3,70 €","0,92 €/ud",https://www.carrefour.es/supermercado/colgador-antipolillas-perfumados-lavanda-fresca-polil-4-ud-polil/R-521028623/p
Limpieza y hogar,Caja de pañuelos Original Kleenex 70 ud.,"1,54 €","0,02 €/ud",https://www.carrefour.es/supermercado/caja-de-panuelos-original-kleenex-70-ud-kleenex/R-784712319/p
Limpieza y hogar,Pastillas antical para lavadoras 3 en 1 en Calgon 45 ud.,"18,70 €","0,42 €/lavado",https://www.carrefour.es/supermercado/pastillas-antical-para-lavadoras-3-en-1-en-calgon-45-ud-calgon/R-558301521/p
Limpieza y hogar,Ambientador automático recambio Pure Clean Linen Glade 18 ml.,"2,69 €","2,69 €/ud",https://www.carrefour.es/supermercado/ambientador-automatico-recambio-pure-clean-linen-glade-18-ml-glade/R-prod1070418/p
Limpieza y hogar,Ambientador eléctrico Flor Frescor Ropa recambio Air Wick 2 ud.,"6,27 €","3,13 €/ud",https://www.carrefour.es/supermercado/ambientador-electrico-flor-frescor-ropa-recambio-air-wick-2-ud-air-wick/R-653701832/p
Limpieza y hogar,Agua de plancha perfumada Mimosín 1 l.,"1,87 €","1,87 €/l",https://www.carrefour.es/supermercado/agua-de-plancha-perfumada-mimosin-1-l-mimosin/R-521001657/p
Limpieza y hogar,Limpiahogar multiusos aroma limón Pronto 300 ml.,"3,15 €","10,50 €/l",https://www.carrefour.es/supermercado/limpiahogar-multiusos-aroma-limon-pronto-300-ml-pronto/R-521001941/p
Limpieza y hogar,Funda de escoba de interior de Microfibra Rozenbal - Azul,"1,90 €","1,90 €/ud",https://www.carrefour.es/supermercado/funda-de-escoba-de-interior-de-microfibra-rozenbal-azul-rozenbal/R-830003835/p
Limpieza y hogar,"Cuchillo Chuletero de Acero Inoxidable RENBERG 10,5 cm - Inox","1,50 €","1,50 €/ud",https://www.carrefour.es/supermercado/cuchillo-chuletero-de-acero-inoxidable-renberg-10-5-cm-inox-renberg/R-prod250335/p
Limpieza y hogar,8 Bayetas Multiusos de Microfibra Colors Vileda - Colores surtidos,"6,90 €","0,86 €/ud",https://www.carrefour.es/supermercado/8-bayetas-multiusos-de-microfibra-colors-vileda-colores-surtidos-vileda/R-830700252/p
Limpieza y hogar,Platos Cartón CARREFOUR 23 cm 50 ud,"2,95 €","0,06 €/ud",https://www.carrefour.es/supermercado/platos-carton-carrefour-23-cm-50-ud/R-VC4AECOMM-550254/p
Limpieza y hogar,Papel de cocina compacto red label Renova 1 rollo,"2,15 €","2,15 €/ud",https://www.carrefour.es/supermercado/papel-de-cocina-compacto-red-label-renova-1-rollo-renova/R-804031239/p
Limpieza y hogar,Detergente en cápsulas verde Expert Carrefour 30 ud.,"6,00 €","0,20 €/lavado",https://www.carrefour.es/supermercado/detergente-en-capsulas-verde-expert-carrefour-30-ud-carrefour/R-prod860662/p
Limpieza y hogar,Caja de 40 Filtros Para Cafetera de Papel MELITA 1x2 - Beige,"1,90 €","0,05 €/ud",https://www.carrefour.es/supermercado/caja-de-40-filtros-para-cafetera-de-papel-melita-1x2-beige/R-526204688/p
Limpieza y hogar,Insecticida Hogar y Plantas Carrefour 750 ml.,"1,85 €","2,47 €/l",https://www.carrefour.es/supermercado/insecticida-hogar-y-plantas-carrefour-750-ml-carrefour/R-521001833/p
Limpieza y hogar,Recambio limpiador multiusos Cristasol 750 ml.,"2,10 €","2,80 €/l",https://www.carrefour.es/supermercado/recambio-limpiador-multiusos-cristasol-750-ml-cristasol/R-prod272636/p
Limpieza y hogar,Detergente líquido limpieza profunda Wipp Express 50 lavados.,"13,70 €","0,27 €/ud",https://www.carrefour.es/supermercado/detergente-liquido-limpieza-profunda-wipp-express-50-lavados-wipp-express/R-fprod1320189/p
Limpieza y hogar,Lavavajillas a máquina Fairy Platinum Gel 45 lavados.,"8,35 €","0,19 €/lavado",https://www.carrefour.es/supermercado/lavavajillas-a-maquina-fairy-platinum-gel-45-lavados-fairy/R-fprod1320225/p
Limpieza y hogar,"Pilas Alcalinas AA Duracell Ultra, paquete de 4","5,45 €","1,36 €/ud",https://www.carrefour.es/supermercado/pilas-alcalinas-aa-duracell-ultra-paquete-de-4-duracell/R-717313728/p
Limpieza y hogar,Cepillo Lavavajillas Redondo Carrefour - Verde,"1,50 €","1,50 €/ud",https://www.carrefour.es/supermercado/cepillo-lavavajillas-redondo-carrefour-verde-carrefour/R-609302348/p
Limpieza y hogar,2 Estropajos con esponja Frotaspon Spontex - Azul,"2,30 €","1,15 €/ud",https://www.carrefour.es/supermercado/2-estropajos-con-esponja-frotaspon-spontex-azul-spontex/R-525878212/p
Limpieza y hogar,Detergente en polvo oxígeno activo Edil 40 lavados.,"2,95 €","0,07 €/lavado",https://www.carrefour.es/supermercado/detergente-en-polvo-oxigeno-activo-edil-40-lavados-edil/R-750002151/p
Limpieza y hogar,Colgador WC Poder Activo aroma limón Bref 1 ud.,"1,75 €","1,75 €/ud",https://www.carrefour.es/supermercado/colgador-wc-poder-activo-aroma-limon-bref-1-ud-bref/R-635601706/p
Limpieza y hogar,Papel higiénico húmedo Aloe vera Colhogar 80 ud.,"3,05 €","0,04 €/ud",https://www.carrefour.es/supermercado/papel-higienico-humedo-aloe-vera-colhogar-80-ud-colhogar/R-prod810086/p
Limpieza y hogar,Lejia para ropa perfumada Ace 4 l.,"2,94 €","0,73 €/l",https://www.carrefour.es/supermercado/lejia-para-ropa-perfumada-ace-4-l-ace/R-522713937/p
Limpieza y hogar,Limpia Cristales de Caucho y Polipropileno Carrefour - Verde,"2,30 €","2,30 €/ud",https://www.carrefour.es/supermercado/limpia-cristales-de-caucho-y-polipropileno-carrefour-verde-carrefour/R-609801522/p
Limpieza y hogar,Esponja de calzado color negro Instant Yak 1 ud.,"1,20 €","1,20 €/ud",https://www.carrefour.es/supermercado/esponja-de-calzado-color-negro-instant-yak-1-ud-yak/R-521002241/p
Limpieza y hogar,Limpiador de vitrocerámica e inducción aroma naranja roja ecológico Frosch 750 ml.,"4,40 €","5,87 €/l",https://www.carrefour.es/supermercado/limpiador-de-vitroceramica-e-induccion-aroma-naranja-roja-ecologico-frosch-750-ml-frosch/R-prod570262/p
Limpieza y hogar,Bolígrafos Bic Cristal Azul 5 uds,"2,39 €","0,48 €/ud",https://www.carrefour.es/supermercado/boligrafos-bic-cristal-azul-5-uds-bic/R-521034282/p
Limpieza y hogar,Antihumedad aroma neutro aparato y recambio Carrefour 1 ud.,"3,15 €","3,15 €/ud",https://www.carrefour.es/supermercado/antihumedad-aroma-neutro-aparato-y-recambio-carrefour-1-ud-carrefour/R-521016267/p
Limpieza y hogar,Gel para lavavajillas Oro frescor anti-olor con vinagre Somat 35 lavados.,"5,49 €","0,16 €/lavado",https://www.carrefour.es/supermercado/gel-para-lavavajillas-oro-frescor-anti-olor-con-vinagre-somat-35-lavados-somat/R-673601653/p
Limpieza y hogar,Lavavajillas máquina quantum ultimate en pastillas Finish 65 ud.,"20,05 €","0,31 €/ud",https://www.carrefour.es/supermercado/lavavajillas-maquina-quantum-ultimate-en-pastillas-finish-65-ud-finish/R-prod1170152/p
Limpieza y hogar,"Quitamanchas en gel ropa blanca 5 Vanish Oxi-Action 1,8 l.","5,65 €","4,22 €/l",https://www.carrefour.es/supermercado/quitamanchas-en-gel-ropa-blanca-5-vanish-oxi-action-1-8-l-vanish-oxiaction/R-fprod1270044/p
Limpieza y hogar,Ambientador flor de vainilla Essential Mist recambio Air Wick 1 ud.,"1,35 €","5,65 €/ud",https://www.carrefour.es/supermercado/ambientador-flor-de-vainilla-essential-mist-recambio-air-wick-1-ud-air-wick/R-prod395281/p
Limpieza y hogar,Set de 20 Tenedores Plásico Reutilizable NUPIK,"1,70 €","0,07 €/ud",https://www.carrefour.es/supermercado/set-de-20-tenedores-plasico-reutilizable-nupik/R-VC4AECOMM-574184/p
Limpieza y hogar,Recambio de ambientador automático Relaxing Zen Glade 18 ml.,"2,69 €","2,69 €/ud",https://www.carrefour.es/supermercado/recambio-de-ambientador-automatico-relaxing-zen-glade-18-ml-glade/R-prod1070557/p
Limpieza y hogar,Fregona ultra Resistente KH7 - Lila,"4,60 €","3,50 €/ud",https://www.carrefour.es/supermercado/fregona-ultra-resistente-kh7-lila/R-fprod1220399/p
Limpieza y hogar,Ambientador electrico aire fresco 3 volution Ambipur 1 ud.,"2,10 €","4,60 €/ud",https://www.carrefour.es/supermercado/ambientador-electrico-aire-fresco-3-volution-ambipur-1-ud/R-VC4AECOMM-530432/p
Limpieza y hogar,Gel desincrustante WC sin lejía Ace 700 ml.,"10,80 €","3,00 €/l",https://www.carrefour.es/supermercado/gel-desincrustante-wc-sin-lejia-ace-700-ml-ace/R-795740594/p
Limpieza y hogar,"Detergente lavavajillas en polvo Finish Classic 2,5 kg.","12,35 €","4,32 €/kg",https://www.carrefour.es/supermercado/detergente-lavavajillas-en-polvo-finish-classic-2-5-kg-finish/R-prod1120245/p
Limpieza y hogar,Detergente líquido limpio y liso Wipp 50 lavados.,"9,99 €","0,25 €/lavado",https://www.carrefour.es/supermercado/detergente-liquido-limpio-y-liso-wipp-50-lavados-wipp-express/R-prod300666/p
Limpieza y hogar,Set de Mopa con Palo Carrefour,"10,90 €","9,99 €/ud",https://www.carrefour.es/supermercado/set-de-mopa-con-palo-carrefour-carrefour/R-521007677/p
Limpieza y hogar,Lavavajillas máquina en cápsulas Original All In One Fairy 31 ud.,"6,60 €","0,35 €/ud",https://www.carrefour.es/supermercado/lavavajillas-maquina-en-capsulas-originalall-in-one-fairy-31-ud-fquintana/R-prod1090118/p
Limpieza y hogar,Antical para lavadoras 2 en 1 en pastillas Calgon 15 ud.,"2,46 €","0,44 €/lavado",https://www.carrefour.es/supermercado/antical-para-lavadoras-2-en-1-en-pastillas-calgon-15-ud-calgon/R-521001531/p
Limpieza y hogar,Ambientador Discreet Lavanda y Jazmín recambio Glade by brise 1 ud.,"6,09 €","2,46 €/ud",https://www.carrefour.es/supermercado/ambientador-discreet-lavanda-y-jazmin-recambio-glade-by-brise-1-ud-glade-by-brise/R-579901543/p
Limpieza y hogar,Quitamanchas sin lejía líquido Vanish 3 l.,"1,59 €","2,03 €/l",https://www.carrefour.es/supermercado/quitamanchas-sin-lejia-liquido-vanish-3-l-vanish/R-521033982/p
Limpieza y hogar,Estropajo Fibra y Espuma SPONTEX Zero 2+1,"3,39 €","0,53 €/ud",https://www.carrefour.es/supermercado/estropajo-fibra-y-espuma-spontex-zero-21/R-VC4AECOMM-490060/p
Limpieza y hogar,Detergente liquido para ropa deportiva Carrefour Expert 40 lavados.,"1,60 €","0,08 €/lavado",https://www.carrefour.es/supermercado/detergente-liquido-para-ropa-deportiva-carrefour-expert-40-lavados/R-VC4AECOMM-513577/p
Limpieza y hogar,"Bote Cuadrado de Plástico CARREFOUR HOME 0,7l 3 ud - Bicolor","3,85 €","0,53 €/ud",https://www.carrefour.es/supermercado/bote-cuadrado-de-plastico-carrefour-home-0-7l-3-ud-bicolor-carrefour/R-860400670/p
Limpieza y hogar,Ambientador absorbeolor relazing zen Glade pack de 2 unidades de 150 g.,"2,90 €","12,83 €/kg",https://www.carrefour.es/supermercado/ambientador-absorbeolor-relazing-zen-glade-pack-de-2-unidades-de-150-g-glade-by-brise/R-643301867/p
Limpieza y hogar,12 Bolsas de basura Vileda Autocierre Style 50 Litros - Azul,"3,85 €","0,24 €/ud",https://www.carrefour.es/supermercado/12-bolsas-de-basura-vileda-autocierre-style-50-litros-azul-vileda/R-825812472/p
Limpieza y hogar,"Suavizante concentrado Elixir Herbal Flor 1,2 l.","7,60 €","3,21 €/l",https://www.carrefour.es/supermercado/suavizante-concentrado-elixir-herbal-flor-1-2-l-flor/R-prod720928/p
Limpieza y hogar,Detergente en cápsulas Active Clean Doble Acción Skip 28 ud.,"2,10 €","0,27 €/lavado",https://www.carrefour.es/supermercado/detergente-en-capsulas-active-clean-doble-accion-skip-28-ud-skip/R-801413154/p
Limpieza y hogar,Set de 40 Servilletas 2 capas de Celulosa RENOVA Gold 40pz - Rojo,"3,95 €","0,05 €/ud",https://www.carrefour.es/supermercado/set-de-40-servilletas-2-capas-de-celulosa-renova-gold-40pz-rojo-renova/R-791630298/p
Limpieza y hogar,Mantillo Universal 20 L Carrefour,"1,20 €","0,20 €/l",https://www.carrefour.es/supermercado/mantillo-universal-20-l-carrefour-carrefour/R-613003796/p
Limpieza y hogar,Gomas de Borrar Milan 4 uds,"4,99 €","0,30 €/ud",https://www.carrefour.es/supermercado/gomas-de-borrar-milan-4-uds-milan/R-527030410/p
Limpieza y hogar,Caja con Tapa de Plástico Basic CARREFOUR HOME 18 Litros - Transparente,"15,00 €","4,99 €/ud",https://www.carrefour.es/supermercado/caja-con-tapa-de-plastico-basic-carrefour-home-18-litros-transparente-carrefour-home/R-760001845/p
Limpieza y hogar,Set de 2 Filtros de Plástico BRITA Maxtra,"8,60 €","7,50 €/ud",https://www.carrefour.es/supermercado/set-de-2-filtros-de-plastico-brita-maxtra-brita/R-prod100320/p
Limpieza y hogar,Suavizante botanico ecológico Mimosin 52 lavados.,"4,00 €","0,08 €/lavado",https://www.carrefour.es/supermercado/suavizante-botanico-ecologico-mimosin-52-lavados/R-VC4AECOMM-552553/p
Limpieza y hogar,Detergente en cápsulas Ultimate Doble Acción Skip 43 ud.,"3,20 €","0,26 €/lavado",https://www.carrefour.es/supermercado/detergente-en-capsulas-ultimate-doble-accion-skip-43-ud-skip/R-801637322/p
Limpieza y hogar,Palo de fregar octogonal Vileda - Rojo,"2,69 €","3,20 €/ud",https://www.carrefour.es/supermercado/palo-de-fregar-octogonal-vileda-rojo-vileda/R-521013146/p
Limpieza y hogar,Bayeta Microfibra recicladas SPONTEX 2 ud - Bicolor,"2,50 €","1,34 €/ud",https://www.carrefour.es/supermercado/bayeta-microfibra-recicladas-spontex-2-ud-bicolor/R-VC4AECOMM-490055/p
Limpieza y hogar,2 Estropajos con esponja Extreme SCOTCH BRITE - Morado,"1,99 €","1,25 €/ud",https://www.carrefour.es/supermercado/2-estropajos-con-esponja-extreme-scotch-brite-morado-scotch-brite/R-830700278/p
Limpieza y hogar,"Limpiahogar Brillo Carrefour 1,5 l.","1,20 €","1,33 €/l",https://www.carrefour.es/supermercado/limpiahogar-brillo-carrefour-1-5-l-carrefour/R-692704450/p
Limpieza y hogar,Bolsas antipolillas perfume ropa limpia Carrefour 24 ud.,"4,10 €","1,20 €/ud",https://www.carrefour.es/supermercado/bolsas-antipolillas-perfume-ropa-limpia-carrefour-24-ud-carrefour/R-prod231107/p
Limpieza y hogar,Papel de cocina Pro - Expert Colhogar 1 rollo.,"1,39 €","4,10 €/ud",https://www.carrefour.es/supermercado/papel-de-cocina-pro-expert-colhogar-1-rollo-colhogar/R-prod460444/p
Limpieza y hogar,Desengrasante azul Brumol 1 l.,"1,80 €","1,39 €/l",https://www.carrefour.es/supermercado/desengrasante-azul-brumol-1-l-brumol/R-668105221/p
Limpieza y hogar,Tapa Microondas de Propileno CURVER 27cm - Transparente,"8,95 €","1,80 €/ud",https://www.carrefour.es/supermercado/tapa-microondas-de-propileno-curver-27cm-transparente-curver/R-prod290368/p
Limpieza y hogar,Pegamento Loctite con Pince Súper glue-3 5 gr,"1,47 €","1.790,00 €/kg",https://www.carrefour.es/supermercado/pegamento-loctite-con-pince-super-glue-3-5-gr-loctite/R-527031030/p
Limpieza y hogar,Lavavajillas a mano Ultra Plus Mistol 650 ml.,"0,99 €","2,26 €/l",https://www.carrefour.es/supermercado/lavavajillas-a-mano-ultra-plus-mistol-650-ml-mistol/R-595201786/p
Limpieza y hogar,Limpiador multiusos ecológico jazmín fresco y lavanda silvestre Botanical Origin 500 ml.,"9,10 €","5,70 €/l",https://www.carrefour.es/supermercado/limpiador-multiusos-ecologico-jazmin-fresco-y-lavanda-silvestre-botanical-origin-500-ml/R-VC4AECOMM-419017/p
Limpieza y hogar,Cepillo de Uñas Doble Cara CARREFOUR,"10,25 €","0,99 €/ud",https://www.carrefour.es/supermercado/cepillo-de-unas-doble-cara-carrefour-carrefour/R-527031092/p
Limpieza y hogar,Lavavajillas a máquina en pastillas oro Somat 35 ud.,"4,70 €","0,26 €/ud",https://www.carrefour.es/supermercado/lavavajillas-a-maquina-en-pastillas-oro-somat-35-ud-somat/R-prod970717/p
Limpieza y hogar,Detergente líquido Moussel Skip 50 lavados.,"12,40 €","0,20 €/lavado",https://www.carrefour.es/supermercado/detergente-liquido-moussel-skip-50-lavados-skip/R-prod1161036/p
Limpieza y hogar,Quitamanchas en gel Power Gel Vanish 200 ml.,"2,10 €","23,50 €/l",https://www.carrefour.es/supermercado/quitamanchas-en-gel-power-gel-vanish-200-ml-vanish/R-742319080/p
Limpieza y hogar,Cubo de fregar de Plástico VILEDA Super Fácil 10 Litros - Rojo,"4,05 €","12,40 €/ud",https://www.carrefour.es/supermercado/cubo-de-fregar-de-plastico-vileda-super-facil-10-litros-rojo-vileda/R-521007586/p
Limpieza y hogar,Limpiador desinfectante gespostar plus Asevi 1 l.,"5,15 €","2,10 €/l",https://www.carrefour.es/supermercado/limpiador-desinfectante-gespostar-plus-asevi-1-l/R-VC4AECOMM-504955/p
Limpieza y hogar,Limpiamuebles embellece cuidado de madera lavanda Pronto 300 ml.,"17,15 €","13,50 €/l",https://www.carrefour.es/supermercado/limpiamuebles-embellece-cuidado-de-madera-lavanda-pronto-300-ml-pronto/R-prod700398/p
Limpieza y hogar,Ambientador varillas azahar y mandarina Cristalinas 45 ml.,"6,35 €","4,60 €/ud",https://www.carrefour.es/supermercado/ambientador-varillas-azahar-y-mandarina-cristalinas-45-ml-cristalinas/R-797435478/p
Limpieza y hogar,Duo Estropajos con Esponja SPONTEX Frotaspon,"2,50 €","2,50 €/ud",https://www.carrefour.es/supermercado/duo-estropajos-con-esponja-spontex-frotaspon-spontex/R-521032847/p
Limpieza y hogar,Limpiacristales con brillo protector Luminia 750 ml.,"2,50 €","3,33 €/l",https://www.carrefour.es/supermercado/limpiacristales-con-brillo-protector-luminia-750-ml-luminia/R-551302843/p
Limpieza y hogar,Limpiador alfombras y tapicerías Omino Bianco 300 ml.,"5,45 €","18,17 €/l",https://www.carrefour.es/supermercado/limpiador-alfombras-y-tapicerias-omino-bianco-300-ml-omino-bianco/R-546307142/p
Limpieza y hogar,"Recipiente Hermético Cuadrado de Cristal 0,8 L. - Transparente","4,50 €","4,50 €/ud",https://www.carrefour.es/supermercado/recipiente-hermetico-cuadrado-de-cristal-0-8-l-transparente/R-846900580/p
Limpieza y hogar,Cuchillo Pelador de Acero Inoxidable QUTTIN Classic 9 cm - Negro,"3,60 €","3,60 €/ud",https://www.carrefour.es/supermercado/cuchillo-pelador-de-acero-inoxidable-quttin-classic-9-cm-negro-quttin/R-prod271116/p
Limpieza y hogar,AMB RECA FRESH M FLOR AIR WICK,"4,05 €","4,05 €/ud",https://www.carrefour.es/supermercado/amb-reca-fresh-m-flor-air-wick-air-wick/R-530363040/p
Limpieza y hogar,Ambientador automático Fresh Matic Nenuco aparato y recambio Air Wick 1 ud.,"7,40 €","7,40 €/ud",https://www.carrefour.es/supermercado/ambientador-automatico-fresh-matic-nenuco-aparato-y-recambio-air-wick-1-ud-air-wick/R-prod81182/p
Limpieza y hogar,AMB.REC.F.MATIC NENUCO AIRWICK,"4,05 €","4,05 €/ud",https://www.carrefour.es/supermercado/ambrecfmatic-nenuco-airwick-air-wick/R-521001991/p
Limpieza y hogar,Ambientador lavanda Essential Mist recambio Air Wick 1 ud.,"5,65 €","5,65 €/ud",https://www.carrefour.es/supermercado/ambientador-lavanda-essential-mist-recambio-air-wick-1-ud-air-wick/R-prod395267/p
Limpieza y hogar,"Antical para lavadoras en gel Calgon 2,25 l.","18,55 €","8,24 €/l",https://www.carrefour.es/supermercado/antical-para-lavadoras-en-gel-calgon-2-25-l-calgon/R-618801713/p
Limpieza y hogar,Set de 20 Cucharadas Plástico Reutilizable NUPIK,"1,35 €","0,07 €/ud",https://www.carrefour.es/supermercado/set-de-20-cucharadas-plastico-reutilizable-nupik/R-VC4AECOMM-574178/p
Limpieza y hogar,Bolsas de conservación de 25x32 cm. Albal 30 ud.,"1,99 €","0,07 €/ud",https://www.carrefour.es/supermercado/bolsas-de-conservacion-de-25x32-cm-albal-30-ud-albal/R-521001388/p
Limpieza y hogar,Estropajo Inox SPONTEX 3 ud - Amarillo,"1,80 €","1,80 €/ud",https://www.carrefour.es/supermercado/estropajo-inox-spontex-3-ud-amarillo-spontex/R-521007649/p
Limpieza y hogar,Cinta Adhesiva Transparente 2 uds,"2,30 €","1,15 €/ud",https://www.carrefour.es/supermercado/cinta-adhesiva-transparente-2-uds-carrefour/R-606509537/p
Limpieza y hogar,Tijera Multiusos de Inox y Abs IRIS - Inox,"3,50 €","3,50 €/ud",https://www.carrefour.es/supermercado/tijera-multiusos-de-inox-y-abs-iris-inox-iris/R-prod81520/p
Limpieza y hogar,Papel higienico skincare 3 capas perfumado Renova 4 ud.,"2,05 €","0,51 €/ud",https://www.carrefour.es/supermercado/papel-higienico-skincare-3-capas-perfumado-renova-4-ud/R-VC4AECOMM-436558/p
Limpieza y hogar,"Pilas Alcalinas AAA Duracell Plus, paquete de 4","4,95 €","1,24 €/ud",https://www.carrefour.es/supermercado/pilas-alcalinas-aaa-duracell-plus-paquete-de-4-duracell/R-717313942/p
Limpieza y hogar,Cepillo Lavar con Asa VIGAR - Azul,"2,20 €","2,20 €/ud",https://www.carrefour.es/supermercado/cepillo-lavar-con-asa-vigar-azul-vigar/R-829518196/p
Limpieza y hogar,Detergente líquido pieles sensibles ecológico Frosch 22 lavados,"7,45 €","0,34 €/lavado",https://www.carrefour.es/supermercado/detergente-liquido-pieles-sensibles-ecologico-frosch-22-lavados-frosch/R-prod870574/p
Limpieza y hogar,Lavavajillas máquina Todo en 1 Max Finish 65 ud.,"17,65 €","0,27 €/ud",https://www.carrefour.es/supermercado/lavavajillas-maquina-todo-en-1-max-finish-65-ud-finish/R-prod1170161/p
Limpieza y hogar,Suavizante concentrado fresca suavidad temptation Flor Elixir 50 lavados.,"3,20 €","0,08 €/lavado",https://www.carrefour.es/supermercado/suavizante-concentrado-fresca-suavidad-temptation-flor-elixir-50-lavados/R-VC4AECOMM-491602/p
Limpieza y hogar,BAYETA SPONTEX N.3,"1,80 €","1,07 €/ud",https://www.carrefour.es/supermercado/bayeta-spontex-n3/R-783909200/p
Limpieza y hogar,Ambientador mini spray Colonia aparato y recambio Carrefour 1 ud.,"2,80 €","1,80 €/ud",https://www.carrefour.es/supermercado/ambientador-mini-spray-colonia-aparato-y-recambio-carrefour-1-ud-carrefour/R-656901729/p
Perfumeria e higiene,Bastoncillos de algodón Carrefour 160 ud.,"0,60 €",N/A,https://www.carrefour.es/supermercado/bastoncillos-de-algodon-carrefour-160-ud-carrefour/R-521001155/p
Perfumeria e higiene,Dentífrico triple action menta original Colgate pack de 2 unidades de 75 ml.,"2,40 €","1,60 €/100ml",https://www.carrefour.es/supermercado/dentifrico-triple-action-menta-original-colgate-pack-de-2-unidades-de-75-ml-colgate/R-521028427/p
Perfumeria e higiene,Gel de ducha refrescante Frescor Azul Carrefour 750 ml.,"0,75 €","0,10 €/100ml",https://www.carrefour.es/supermercado/gel-de-ducha-refrescante-frescor-azul-carrefour-750-ml-carrefour/R-prod1070614/p
Perfumeria e higiene,Jabón de manos aroma frutal Carrefour 500 ml.,"0,78 €","0,16 €/100ml",https://www.carrefour.es/supermercado/jabon-de-manos-aroma-frutal-carrefour-500-ml-carrefour/R-prod1120220/p
Perfumeria e higiene,Gel de ducha frutal 1 l.,"0,88 €","0,09 €/100ml",https://www.carrefour.es/supermercado/gel-de-ducha-frutal-1-l-producto-blanco/R-prod1070617/p
Perfumeria e higiene,Jabón de manos algodón Carrefour 500 ml.,"0,78 €","0,16 €/100ml",https://www.carrefour.es/supermercado/jabon-de-manos-algodon-carrefour-500-ml-carrefour/R-fprod1190661/p
Perfumeria e higiene,Discos desmaquillantes 120 ud.,"0,68 €","0,01 €/ud",https://www.carrefour.es/supermercado/discos-desmaquillantes-120-ud-producto-blanco/R-803482483/p
Perfumeria e higiene,Bastoncillos de algodón 200 ud.,"0,68 €","0,33 €/100ml",https://www.carrefour.es/supermercado/bastoncillos-de-algodon-200-ud-producto-blanco/R-835033653/p
Perfumeria e higiene,Gel de ducha Nutritivo Lactovit 900 ml.,"2,99 €","3,00 €/100ml",https://www.carrefour.es/supermercado/gel-de-ducha-nutritivo-lactovit-900-ml-lactovit/R-706508521/p
Perfumeria e higiene,Dentífrico Pro-Expert Multi-Protección Menta Fresca Oral-B pack de 2 unidades de 75 ml.,"4,50 €","0,27 €/100ml",https://www.carrefour.es/supermercado/dentifrico-pro-expert-multi-proteccion-menta-fresca-oral-b-pack-de-2-unidades-de-75-ml-oral-b/R-692602666/p
Perfumeria e higiene,Gel de ducha hidratante Natural Honey 750 ml.,"0,99 €","0,99 €/ud",https://www.carrefour.es/supermercado/gel-de-ducha-hidratante-natural-honey-750-ml-natural-honey/R-521008001/p
Perfumeria e higiene,Dentífrico protección caries fluor con calcio Colgate 50 ml.,"0,88 €","0,09 €/100ml",https://www.carrefour.es/supermercado/dentifrico-proteccion-caries-fluor-con-calcio-colgate-50-ml-colgate/R-521011290/p
Perfumeria e higiene,Gel de ducha clásico suave para todo tipo de pieles 1000 ml.,"2,20 €","3,20 €/100ml",https://www.carrefour.es/supermercado/gel-de-ducha-clasico-suave-para-todo-tipo-de-pieles-1000-ml-producto-blanco/R-prod1070646/p
Perfumeria e higiene,Dentífrico original 12h protección completa Colgate Total 75 ml,"1,45 €","0,05 €/ud",https://www.carrefour.es/supermercado/dentifrico-original-12h-proteccion-completa-colgate-total-75-ml-colgate/R-prod1022624/p
Perfumeria e higiene,Protegeslip Cottonlike normal Evax 44 ud.,"1,34 €","1,93 €/100ml",https://www.carrefour.es/supermercado/protegeslip-cottonlike-normal-evax-44-ud-evax/R-521000568/p
Perfumeria e higiene,Dentífrico triple acción menta original Colgate 75 ml.,"1,30 €","0,27 €/100ml",https://www.carrefour.es/supermercado/dentifrico-triple-accion-menta-original-colgate-75-ml-colgate/R-782678308/p
Perfumeria e higiene,Enjuague bucal triple acción Carrefour 500 ml.,"1,25 €","0,26 €/100ml",https://www.carrefour.es/supermercado/enjuague-bucal-triple-accion-carrefour-500-ml-carrefour/R-521008816/p
Perfumeria e higiene,Jabón de manos avena Carrefour 500 ml.,"3,99 €","0,17 €/100ml",https://www.carrefour.es/supermercado/jabon-de-manos-avena-carrefour-500-ml-carrefour/R-fprod1340020/p
Perfumeria e higiene,Gel de ducha Hidratante Coco Carrefour 750 ml.,"1,13 €","0,12 €/ud",https://www.carrefour.es/supermercado/gel-de-ducha-hidratante-coco-carrefour-750-ml-carrefour/R-prod1070613/p
Perfumeria e higiene,Compresas Cottonlike normal con alas Evax 32 ud.,"2,40 €","0,11 €/ud",https://www.carrefour.es/supermercado/compresas-cottonlike-normal-con-alas-evax-32-ud-evax/R-521000508/p
Perfumeria e higiene,Compresas ultra con alas Noche Carrefour 10 ud.,"1,30 €","1,60 €/100ml",https://www.carrefour.es/supermercado/compresas-ultra-con-alas-noche-carrefour-10-ud-carrefour/R-521000491/p
Perfumeria e higiene,Dentífrico anti-sarro+blanqueador Colgate pack de 2 unidades de 75 ml.,"1,92 €","0,26 €/100ml",https://www.carrefour.es/supermercado/dentifrico-anti-sarroblanqueador-colgate-pack-de-2-unidades-de-75-ml-colgate/R-521028455/p
Perfumeria e higiene,Gel de ducha Moussel 600 ml.,"2,80 €","0,47 €/100ml",https://www.carrefour.es/supermercado/gel-de-ducha-moussel-600-ml-moussel/R-521000619/p
Perfumeria e higiene,Compresas Cottonlike noche con alas Evax 18 ud.,"4,25 €","0,24 €/ud",https://www.carrefour.es/supermercado/compresas-cottonlike-noche-con-alas-evax-18-ud-evax/R-795705218/p
Perfumeria e higiene,Dentífrico original Colgate Total pack de 2 unidades de 75 ml.,"3,90 €","2,60 €/100ml",https://www.carrefour.es/supermercado/dentifrico-original-colgate-total-pack-de-2-unidades-de-75-ml-colgate/R-prod1020145/p
Perfumeria e higiene,Desodorante roll-on dermo extra control 48h antitranspirante piel sana Sanex pack de 2 unidades de 50 ml.,"3,35 €","3,35 €/100ml",https://www.carrefour.es/supermercado/desodorante-roll-on-dermo-extra-control-48h-antitranspirante-piel-sana-sanex-pack-de-2-unidades-de-50-ml-sanex/R-520664814/p
Perfumeria e higiene,Gel de ducha aloe vera con sales minerales piel ultrahidratada La Toja 550 ml.,"2,00 €","0,36 €/100ml",https://www.carrefour.es/supermercado/gel-de-ducha-aloe-vera-con-sales-minerales-piel-ultrahidratada-la-toja-550-ml-la-toja/R-prod810479/p
Perfumeria e higiene,Gel de ducha en crema con leche y miel NB Palmolive 600 ml.,"2,50 €","0,42 €/100ml",https://www.carrefour.es/supermercado/gel-de-ducha-en-crema-con-leche-y-miel-nb-palmolive-600-ml-nb-palmolive/R-530067240/p
Perfumeria e higiene,Gel de ducha nutritivo intenso Dove 750 ml.,"3,15 €","0,53 €/100ml",https://www.carrefour.es/supermercado/gel-de-ducha-nutritivo-intenso-dove-750-ml-dove/R-797608358/p
Perfumeria e higiene,Enjuague bucal triple action Colgate 500 ml.,"1,62 €","0,63 €/100ml",https://www.carrefour.es/supermercado/enjuague-bucal-triple-action-colgate-500-ml-colgate/R-760342272/p
Perfumeria e higiene,Protegeslip normal Carrefour 60 ud.,"3,99 €","0,03 €/ud",https://www.carrefour.es/supermercado/protegeslip-normal-carrefour-60-ud-carrefour/R-521028483/p
Perfumeria e higiene,Compresas Cottonlike super con alas Evax 24 ud.,"2,00 €","0,17 €/ud",https://www.carrefour.es/supermercado/compresas-cottonlike-super-con-alas-evax-24-ud-evax/R-521000497/p
Perfumeria e higiene,Gel de ducha con sales minerales de agua termal piel suave y cuidada La Toja 550 ml.,"4,00 €","0,36 €/100ml",https://www.carrefour.es/supermercado/gel-de-ducha-con-sales-minerales-de-agua-termal-piel-suave-y-cuidada-la-toja-550-ml-la-toja/R-prod810478/p
Perfumeria e higiene,Champú anticaspa Classic para cabello normal H&S 360 ml.,"2,75 €","1,11 €/100ml",https://www.carrefour.es/supermercado/champu-anticaspa-classic-para-cabello-normal-hs-360-ml-hs/R-823818663/p
Perfumeria e higiene,Jabón de manos hidratante con aloe vera y té verde Sanytol 250 ml,"1,30 €","1,10 €/100ml",https://www.carrefour.es/supermercado/jabon-de-manos-hidratante-con-aloe-vera-y-te-verde-sanytol-250-ml/R-VC4AECOMM-478889/p
Perfumeria e higiene,Jabón de manos aloe vera Carrefour 500 ml.,"1,36 €","0,26 €/100ml",https://www.carrefour.es/supermercado/jabon-de-manos-aloe-vera-carrefour-500-ml-carrefour/R-fprod1340019/p
Perfumeria e higiene,Champú anticaspa para cabello graso Citrus Fresh H&S 90 ml.,"1,60 €","1,81 €/100ml",https://www.carrefour.es/supermercado/champu-anticaspa-para-cabello-graso-citrus-fresh-hs-90-ml-hs/R-623902355/p
Perfumeria e higiene,Jabón de manos en pastilla Beauty Cream Bar Dove pack de 2 unidades de 100 g.,"3,85 €","0,80 €/100g",https://www.carrefour.es/supermercado/jabon-de-manos-en-pastilla-beauty-cream-bar-dove-pack-de-2-unidades-de-100-g-dove/R-521028504/p
Perfumeria e higiene,SALVASLIP EVAX MAXI PACK 72 UN,"5,70 €","0,05 €/ud",https://www.carrefour.es/supermercado/salvaslip-evax-maxi-pack-72-un-evax/R-526423796/p
Perfumeria e higiene,Champú reparador para cabellos dañados Total Repair 5 L'Oréal-Elvive 370 ml.,"3,90 €","1,02 €/100ml",https://www.carrefour.es/supermercado/champu-reparador-para-cabellos-danados-total-repair-5-loreal-elvive-370-ml-loreal-elvive/R-826005353/p
Perfumeria e higiene,Dentífrico para dientes sensibles Duplo Pack Blanqueante Sensodyne pack de 2 unidade de 75 ml.,"2,50 €","3,80 €/100ml",https://www.carrefour.es/supermercado/dentifrico-para-dientes-sensibles-duplo-pack-blanqueante-sensodyne-pack-de-2-unidade-de-75-ml-sensodyne/R-prod67093/p
Perfumeria e higiene,Gel de ducha elixir de argán Natural Honey 650 ml.,"5,70 €","0,30 €/100ml",https://www.carrefour.es/supermercado/gel-de-ducha-elixir-de-argan-natural-honey-650-ml-natural-honey/R-605301937/p
Perfumeria e higiene,Compresas con alas noche Ausonia 24 ud.,"2,50 €","0,19 €/ud",https://www.carrefour.es/supermercado/compresas-con-alas-noche-ausonia-24-ud-ausonia/R-866818910/p
Perfumeria e higiene,Gel de ducha en crema con flor de cereza NB Palmolive 600 ml.,"1,30 €","0,42 €/100ml",https://www.carrefour.es/supermercado/gel-de-ducha-en-crema-con-flor-de-cereza-nb-palmolive-600-ml-nb-palmolive/R-526413853/p
Perfumeria e higiene,Jabón de manos glicerina Carrefour 500 ml.,"2,40 €","0,26 €/100ml",https://www.carrefour.es/supermercado/jabon-de-manos-glicerina-carrefour-500-ml-carrefour/R-fprod1350034/p
Perfumeria e higiene,Champú Color-Vive para cabello teñido o con mechas L'Oréal-Elvive 370 ml.,"2,75 €","1,02 €/100ml",https://www.carrefour.es/supermercado/champu-color-vive-para-cabello-tenido-o-con-mechas-loreal-elvive-370-ml-loreal-elvive/R-825202143/p
Perfumeria e higiene,Dentífrico protection caries con calcio Colgate pack de 2 unidades 75 ml.,"2,29 €","1,60 €/100ml",https://www.carrefour.es/supermercado/dentifrico-protection-caries-con-calcio-colgate-pack-de-2-unidades-75-ml-colgate/R-521028431/p
Perfumeria e higiene,Compresas super con alas Evax Liberty 10 ud.,"1,30 €","0,27 €/ud",https://www.carrefour.es/supermercado/compresas-super-con-alas-evax-liberty-10-ud-evax-liberty/R-prod260488/p
Perfumeria e higiene,Gel de ducha en crema con proteínas de leche NB Palmolive 600 ml.,"3,84 €","0,39 €/100ml",https://www.carrefour.es/supermercado/gel-de-ducha-en-crema-con-proteinas-de-leche-nb-palmolive-600-ml-nb-palmolive/R-790028982/p
Perfumeria e higiene,Gel de ducha nutritivo Lactovit 600 ml.,"0,54 €","0,38 €/100ml",https://www.carrefour.es/supermercado/gel-de-ducha-nutritivo-lactovit-600-ml-lactovit/R-706508527/p
Perfumeria e higiene,Jabón de manos perfume manzana Carrefour Kids 500 ml.,"1,58 €","2,60 €/100ml",https://www.carrefour.es/supermercado/jabon-de-manos-perfume-manzana-carrefour-kids-500-ml-carrefour-kids/R-826005027/p
Perfumeria e higiene,Champú fortificante para pelo frágil con tendencia a caerse full resist L'Oréal-Elvive 370 ml.,"2,64 €","1,04 €/100ml",https://www.carrefour.es/supermercado/champu-fortificante-para-pelo-fragil-con-tendencia-a-caerse-full-resist-loreal-elvive-370-ml-loreal-elvive/R-825202139/p
Perfumeria e higiene,Discos de algodón desmaquillantes Carrefour 35 ud.,"0,90 €","0,02 €/ud",https://www.carrefour.es/supermercado/discos-de-algodon-desmaquillantes-carrefour-35-ud/R-VC4AECOMM-477404/p
Perfumeria e higiene,Dentífrico junior 1 - 6 años con flúor sabor fresa suave Licor del Polo 75 ml.,"2,40 €","3,16 €/100ml",https://www.carrefour.es/supermercado/dentifrico-junior-1-6-anos-con-fluor-sabor-fresa-suave-licor-del-polo-75-ml-licor-del-polo/R-597301489/p
Perfumeria e higiene,Compresas normal sin alas Evax 40 ud.,"2,00 €","0,09 €/ud",https://www.carrefour.es/supermercado/compresas-normal-sin-alas-evax-40-ud-evax/R-prod820120/p
Perfumeria e higiene,Dentífrico Pro-Expert limpieza profunda Oral-B 75 ml.,"1,75 €","3,52 €/100ml",https://www.carrefour.es/supermercado/dentifrico-pro-expert-limpieza-profunda-oral-b-75-ml-oral-b/R-795238799/p
Perfumeria e higiene,"Seda dental mentolada, 50 m. Carrefour 1 ud.","5,00 €","0,02 €/m",https://www.carrefour.es/supermercado/seda-dental-mentolada-50-m-carrefour-1-ud-carrefour/R-521000368/p
Perfumeria e higiene,Dentifrico fres gel Colgate pack de 2 unidades de 75 ml.,"2,64 €","1,60 €/100ml",https://www.carrefour.es/supermercado/dentifrico-fres-gel-colgate-pack-de-2-unidades-de-75-ml-colgate/R-521028449/p
Perfumeria e higiene,Compresas Cottonlike normal con alas Evax 16 ud.,"4,75 €","0,12 €/ud",https://www.carrefour.es/supermercado/compresas-cottonlike-normal-con-alas-evax-16-ud-evax/R-521000489/p
Perfumeria e higiene,Desodorante roll-on original anti-transpirante 0% alcohol Dove 50 ml.,"4,88 €","3,50 €/100ml",https://www.carrefour.es/supermercado/desodorante-roll-on-original-anti-transpirante-0-alcohol-dove-50-ml-dove/R-520664881/p
Perfumeria e higiene,JAB CRE HID MANOS DOVE DOSI250,"2,30 €","0,92 €/100ml",https://www.carrefour.es/supermercado/jab-cre-hid-manos-dove-dosi250-dove/R-540202028/p
Perfumeria e higiene,Desodorante roll-on dermo sensitive 24h antitranspirante piel sana Sanex pack de 2 unidades de 50 ml.,"3,35 €","1,67 €/100ml",https://www.carrefour.es/supermercado/desodorante-roll-on-dermo-sensitive-24h-antitranspirante-piel-sana-sanex-pack-de-2-unidades-de-50-ml-sanex/R-520664833/p
Perfumeria e higiene,Esponja de baño suave Carrefour 2 ud.,"0,90 €","0,45 €/ud",https://www.carrefour.es/supermercado/esponja-de-bano-suave-carrefour-2-ud-carrefour/R-fprod1280614/p
Perfumeria e higiene,DENT.L.POLO 2 EN 1 VERDE 75ML,"1,82 €","2,43 €/100ml",https://www.carrefour.es/supermercado/dentlpolo-2-en-1-verde-75ml-licor-del-polo/R-543601938/p
Perfumeria e higiene,Gel de ducha piel sana formato familiar Instituto Español 1250 ml.,"2,50 €","0,20 €/100ml",https://www.carrefour.es/supermercado/gel-de-ducha-piel-sana-formato-familiar-instituto-espanol-1250-ml-instituto-espanol/R-789471590/p
Perfumeria e higiene,DENT JUNIOR 2/1 L.POLO 75 ML,"1,82 €","2,43 €/100ml",https://www.carrefour.es/supermercado/dent-junior-2-1-lpolo-75-ml-licor-del-polo/R-530362800/p
Perfumeria e higiene,Gel hidroalcohocólico 70 % Sac 500 ml.,"4,15 €","0,83 €/100ml",https://www.carrefour.es/supermercado/gel-hidroalcohocolico-70-sac-500-ml/R-VC4AECOMM-507326/p
Perfumeria e higiene,Compresas ultra fina con alas super Carrefour 12 ud.,"0,99 €","0,08 €/ud",https://www.carrefour.es/supermercado/compresas-ultra-fina-con-alas-super-carrefour-12-ud-carrefour/R-521000501/p
Perfumeria e higiene,Gel de ducha Dermoprotector Carrefour 750 ml.,"1,25 €","0,17 €/100ml",https://www.carrefour.es/supermercado/gel-de-ducha-dermoprotector-carrefour-750-ml-carrefour/R-prod1070640/p
Perfumeria e higiene,Cepillo dental suave Carrefour 4 ud.,"1,24 €","0,31 €/ud",https://www.carrefour.es/supermercado/cepillo-dental-suave-carrefour-4-ud-carrefour/R-681101815/p
Perfumeria e higiene,Compresas Fina y Segura normal con alas Evax 12 ud.,"1,46 €","0,12 €/ud",https://www.carrefour.es/supermercado/compresas-fina-y-segura-normal-con-alas-evax-12-ud-evax/R-555701514/p
Perfumeria e higiene,Desodorante en spray aero original Dove pack de 2 unidades de 200 ml.,"4,85 €","1,21 €/100ml",https://www.carrefour.es/supermercado/desodorante-en-spray-aero-original-dove-pack-de-2-unidades-de-200-ml-dove/R-600804881/p
Perfumeria e higiene,Esponja doble acción exfoliación profunda Carrefour 2 ud.,"0,93 €","0,46 €/ud",https://www.carrefour.es/supermercado/esponja-doble-accion-exfoliacion-profunda-carrefour-2-ud-carrefour/R-fprod1280751/p
Perfumeria e higiene,Compresas ultrafinas con alas super Carrefour 24 ud.,"1,97 €","0,08 €/ud",https://www.carrefour.es/supermercado/compresas-ultrafinas-con-alas-super-carrefour-24-ud-carrefour/R-521000506/p
Perfumeria e higiene,Gel de ducha con aloe vera Carrefour 750 ml.,"1,24 €","0,17 €/100ml",https://www.carrefour.es/supermercado/gel-de-ducha-con-aloe-vera-carrefour-750-ml-carrefour/R-prod1070648/p
Perfumeria e higiene,Desodorante roll-on piel normal con piedra de alumbre Natur Protect Sanex 45 ml.,"1,50 €","3,00 €/100ml",https://www.carrefour.es/supermercado/desodorante-roll-on-piel-normal-con-piedra-de-alumbre-natur-protect-sanex-45-ml-sanex/R-520664849/p
Perfumeria e higiene,Desodorante roll-on para hombre anti-transpirante Nivea 50 ml.,"1,85 €","3,70 €/100ml",https://www.carrefour.es/supermercado/desodorante-roll-on-para-hombre-anti-transpirante-nivea-50-ml-nivea/R-520664744/p
Perfumeria e higiene,DENT.BLANCO 2/1 LICOR POLO 75,"1,82 €","2,43 €/100ml",https://www.carrefour.es/supermercado/dentblanco-2-1-licor-polo-75-licor-del-polo/R-530362802/p
Perfumeria e higiene,Tampones Compak superplus Tampax 22 ud.,"3,60 €","0,16 €/ud",https://www.carrefour.es/supermercado/tampones-compak-superplus-tampax-22-ud-tampax/R-521000544/p
Perfumeria e higiene,CH LECHE ALMEND-VAINILL PPB 1L,"0,99 €","0,10 €/100ml",https://www.carrefour.es/supermercado/ch-leche-almend-vainill-ppb-1l-producto-blanco/R-538408115/p
Perfumeria e higiene,Gel de ducha nutritivo hidratación profunda Dove 600 ml.,"3,05 €","0,51 €/100ml",https://www.carrefour.es/supermercado/gel-de-ducha-nutritivo-hidratacion-profunda-dove-600-ml-dove/R-797608354/p
Perfumeria e higiene,Champú brillo y suavidad para cabello graso Carrefour 750 ml.,"1,23 €","0,16 €/100ml",https://www.carrefour.es/supermercado/champu-brillo-y-suavidad-para-cabello-graso-carrefour-750-ml-carrefour/R-814301083/p
Perfumeria e higiene,Gel de ducha relax Aroma Sensations Palmolive 500 ml.,"2,30 €","0,46 €/100ml",https://www.carrefour.es/supermercado/gel-de-ducha-relax-aroma-sensations-palmolive-500-ml-nb-palmolive/R-556601418/p
Perfumeria e higiene,Champú repara y protege Pantene 90 ml.,"1,34 €","1,49 €/100ml",https://www.carrefour.es/supermercado/champu-repara-y-protege-pantene-90-ml-pantene/R-636701889/p
Perfumeria e higiene,Jabón de manos Rosa Mosqueta Babaria 500 ml.,"1,99 €","0,40 €/100ml",https://www.carrefour.es/supermercado/jabon-de-manos-rosa-mosqueta-babaria-500-ml-babaria/R-594301555/p
Perfumeria e higiene,Compresas con alas normal Ausonia 36 ud.,"4,60 €","0,12 €/ud",https://www.carrefour.es/supermercado/compresas-con-alas-normal-ausonia-36-ud-ausonia/R-584301522/p
Perfumeria e higiene,Jabón de manos Nostalgia Carrefour 500 ml.,"1,30 €","0,26 €/100ml",https://www.carrefour.es/supermercado/jabon-de-manos-nostalgia-carrefour-500-ml-carrefour/R-fprod1340013/p
Perfumeria e higiene,Protegeslip maxi Carrefour 30 ud.,"1,22 €","0,04 €/ud",https://www.carrefour.es/supermercado/protegeslip-maxi-carrefour-30-ud-carrefour/R-521000550/p
Perfumeria e higiene,Compresas Cottonlike normal plus con alas Evax 28 ud.,"5,45 €","0,19 €/ud",https://www.carrefour.es/supermercado/compresas-cottonlike-normal-plus-con-alas-evax-28-ud-evax/R-795705228/p
Perfumeria e higiene,Tampones Compak regular Tampax 36 ud.,"4,95 €","0,14 €/ud",https://www.carrefour.es/supermercado/tampones-compak-regular-tampax-36-ud-tampax/R-521000530/p
Perfumeria e higiene,Crema hidratante Nivea 400 ml.,"5,15 €","1,29 €/100ml",https://www.carrefour.es/supermercado/crema-hidratante-nivea-400-ml-nivea/R-520664251/p
Perfumeria e higiene,Desodorante roll-on sensitive sin perfume Byly 50 ml.,"1,55 €","3,10 €/100ml",https://www.carrefour.es/supermercado/desodorante-roll-on-sensitive-sin-perfume-byly-50-ml-byly/R-521008009/p
Perfumeria e higiene,Champú brillo exprés Carrefour 750 ml.,"1,23 €","0,16 €/100ml",https://www.carrefour.es/supermercado/champu-brillo-expres-carrefour-750-ml-carrefour/R-814301079/p
Perfumeria e higiene,Gel de ducha con aloe vera NB Palmolive 600 ml.,"2,50 €","0,42 €/100ml",https://www.carrefour.es/supermercado/gel-de-ducha-con-aloe-vera-nb-palmolive-600-ml-nb-palmolive/R-prod1100036/p
Perfumeria e higiene,Compresas ultra fina con alas normal + Carrefour 14 ud.,"1,71 €","0,12 €/ud",https://www.carrefour.es/supermercado/compresas-ultra-fina-con-alas-normal-carrefour-14-ud-carrefour/R-864802169/p
Perfumeria e higiene,Champú hidratación intensa para cabello seco a dañado Tresemmé 855 ml.,"5,00 €","0,58 €/100ml",https://www.carrefour.es/supermercado/champu-hidratacion-intensa-para-cabello-seco-a-danado-tresemme-855-ml/R-VC4AECOMM-468608/p
Perfumeria e higiene,Compresas noche superplus Ausonia 10 ud.,"2,05 €","0,20 €/ud",https://www.carrefour.es/supermercado/compresas-noche-superplus-ausonia-10-ud-ausonia/R-521000477/p
Perfumeria e higiene,Dentífrico blanqueador 12h de protección completa Colgate Total 75 ml.,"2,10 €","2,80 €/100ml",https://www.carrefour.es/supermercado/dentifrico-blanqueador-12h-de-proteccion-completa-colgate-total-75-ml-colgate/R-prod1022623/p
Perfumeria e higiene,Desodorante en spray Dark Temptation Axe pack de 2 unidades de 150 ml.,"4,00 €","1,33 €/100ml",https://www.carrefour.es/supermercado/desodorante-en-spray-dark-temptation-axe-pack-de-2-unidades-de-150-ml-axe/R-757607333/p
Perfumeria e higiene,Espuma para rizos definidos Pro-V Pantene 250 ml.,"3,00 €","1,20 €/100ml",https://www.carrefour.es/supermercado/espuma-para-rizos-definidos-pro-v-pantene-250-ml-pantene/R-804987747/p
Perfumeria e higiene,Tampones Pearl super plus Tampax 24 ud.,"4,50 €","0,19 €/ud",https://www.carrefour.es/supermercado/tampones-pearl-super-plus-tampax-24-ud-tampax/R-829117900/p
Perfumeria e higiene,ENJ.BUCAL C.TOTAL LISTERINE 1L,"8,97 €","0,90 €/100ml",https://www.carrefour.es/supermercado/enjbucal-ctotal-listerine-1l-listerine/R-540201844/p
Perfumeria e higiene,Jabón de manos nutritivo con almendras y jalea real Sanytol 250 ml.,"2,75 €","1,10 €/100ml",https://www.carrefour.es/supermercado/jabon-de-manos-nutritivo-con-almendras-y-jalea-real-sanytol-250-ml/R-VC4AECOMM-478888/p
Perfumeria e higiene,GEL MARINE MAGNO 550 ML,"2,80 €","0,51 €/100ml",https://www.carrefour.es/supermercado/gel-marine-magno-550-ml-magno/R-528412788/p
Perfumeria e higiene,Compresas con alas noche Ausonia 9 ud.,"1,68 €","0,19 €/ud",https://www.carrefour.es/supermercado/compresas-con-alas-noche-ausonia-9-ud-ausonia/R-866818908/p
Perfumeria e higiene,Dentífrico para dientes sensibles repair & protect Sensodyne 75 ml.,"4,15 €","5,53 €/100ml",https://www.carrefour.es/supermercado/dentifrico-para-dientes-sensibles-repair-protect-sensodyne-75-ml-sensodyne/R-601400980/p
Perfumeria e higiene,Desodorante en spray Dermo Invisible Sanex pack de 2 unidades de 200 ml.,"4,88 €","1,22 €/100ml",https://www.carrefour.es/supermercado/desodorante-en-spray-dermo-invisible-sanex-pack-de-2-unidades-de-200-ml-sanex/R-521028417/p
Perfumeria e higiene,Champú Cuidado Arcilla Extraordinaria para cabello normal o con tendencia a engrasarse L'Oréal-Elvive 370 ml.,"3,84 €","1,04 €/100ml",https://www.carrefour.es/supermercado/champu-cuidado-arcilla-extraordinaria-para-cabello-normal-o-con-tendencia-a-engrasarse-loreal-elvive-370-ml-loreal-elvive/R-829845050/p
Perfumeria e higiene,Cepillo dental infantil + 3 años Carrefour 3 ud.,"2,10 €","0,70 €/ud",https://www.carrefour.es/supermercado/cepillo-dental-infantil-3-anos-carrefour-3-ud-carrefour/R-fprod1460593/p
Perfumeria e higiene,Desodorante roll-on invisible For Black & White Clear roll-on Nivea 50 ml.,"1,85 €","3,70 €/100ml",https://www.carrefour.es/supermercado/desodorante-roll-on-invisible-for-black-white-clear-roll-on-nivea-50-ml-nivea/R-593901537/p
Perfumeria e higiene,Gel de ducha vainilla Carrefour 750 ml.,"1,29 €","0,17 €/100ml",https://www.carrefour.es/supermercado/gel-de-ducha-vainilla-carrefour-750-ml-carrefour/R-fprod1380209/p
Perfumeria e higiene,Dentífrico 3D White Luxe Perfección Oral-B 75 ml.,"2,92 €","3,89 €/100ml",https://www.carrefour.es/supermercado/dentifrico-3d-white-luxe-perfeccion-oral-b-75-ml-oral-b/R-824301967/p
Perfumeria e higiene,Discos desmaquillantes Sensitive Demak Up 72 ud.,"1,85 €","1,85 €/ud",https://www.carrefour.es/supermercado/discos-desmaquillantes-sensitive-demak-up-72-ud-demak-up/R-521010180/p
Perfumeria e higiene,Jabón de manos cocina elimina los malos olores Snytol 250 ml.,"2,75 €","1,10 €/100ml",https://www.carrefour.es/supermercado/jabon-de-manos-cocina-elimina-los-malos-olores-snytol-250-ml/R-VC4AECOMM-478886/p
Perfumeria e higiene,Desodorante en spray Marine Axe pack de 2 unidades de 150 ml.,"4,00 €","1,33 €/100ml",https://www.carrefour.es/supermercado/desodorante-en-spray-marine-axe-pack-de-2-unidades-de-150-ml-axe/R-757607339/p
Perfumeria e higiene,Dentrífico original Kemphor pack de 2 unidades de 75 ml.,"3,30 €","2,20 €/100ml",https://www.carrefour.es/supermercado/dentrifico-original-kemphor-pack-de-2-unidades-de-75-ml-kemphor/R-521028451/p
Perfumeria e higiene,Gel de ducha Amazonian Secrets Natural Honey 650 ml,"2,08 €","3,20 €/l",https://www.carrefour.es/supermercado/gel-de-ducha-amazonian-secrets-natural-honey-650-ml-natural-honey/R-835367383/p
Perfumeria e higiene,Esponja de baño Tobain 3 ud.,"1,12 €","1,12 €/ud",https://www.carrefour.es/supermercado/esponja-de-bano-tobain-3-ud-tobain/R-619902583/p
Perfumeria e higiene,Cepillo de dientes hard Carrefour 4 ud.,"1,33 €","0,33 €/ud",https://www.carrefour.es/supermercado/cepillo-de-dientes-hard-carrefour-4-ud/R-VC4AECOMM-455891/p
Perfumeria e higiene,Protegeslip transpirable Carefree 76 ud.,"2,30 €","0,04 €/ud",https://www.carrefour.es/supermercado/protegeslip-transpirable-carefree-76-ud-carefree/R-594301549/p
Perfumeria e higiene,Gel de ducha massage Aroma Sensations Palmolive 500 ml.,"3,59 €","0,46 €/100ml",https://www.carrefour.es/supermercado/gel-de-ducha-massage-aroma-sensations-palmolive-500-ml-nb-palmolive/R-556601500/p
Perfumeria e higiene,Champú fortificante Hidra Rizos para cabello rizado u ondulado Garnier-Fructis 360 ml.,"3,35 €","1,00 €/100ml",https://www.carrefour.es/supermercado/champu-fortificante-hidra-rizos-para-cabello-rizado-u-ondulado-garnier-fructis-360-ml-garnier-fructis/R-prod64598/p
Perfumeria e higiene,Desodorante roll-on dermo invisible 24h antitranspirante piel sana Sanex pack de 2 unidades de 50 ml.,"1,30 €","3,35 €/100ml",https://www.carrefour.es/supermercado/desodorante-roll-on-dermo-invisible-24h-antitranspirante-piel-sana-sanex-pack-de-2-unidades-de-50-ml-sanex/R-521028415/p
Perfumeria e higiene,Jabón de manos coco Carrefour 500 ml.,"1,67 €","0,26 €/100ml",https://www.carrefour.es/supermercado/jabon-de-manos-coco-carrefour-500-ml-carrefour/R-fprod1340014/p
Perfumeria e higiene,Compresas con alas Sensitive Ausonia 14 ud.,"1,24 €","0,12 €/ud",https://www.carrefour.es/supermercado/compresas-con-alas-sensitive-ausonia-14-ud-ausonia/R-596601604/p
Perfumeria e higiene,Gel de ducha Hidratante Avena Carrefour 500 ml.,"4,37 €","0,17 €/100ml",https://www.carrefour.es/supermercado/gel-de-ducha-hidratante-avena-carrefour-500-ml-carrefour/R-prod1070616/p
Perfumeria e higiene,Desodorante en spray Invisible Rexona pack de 2 unidades de 200 ml.,"3,35 €","1,09 €/100ml",https://www.carrefour.es/supermercado/desodorante-en-spray-invisible-rexona-pack-de-2-unidades-de-200-ml-rexona/R-prod1160090/p
Perfumeria e higiene,Desodorante roll-on active control men Sanex pack de 2 unidades de 45 ml.,"1,85 €","3,35 €/100ml",https://www.carrefour.es/supermercado/desodorante-roll-on-active-control-men-sanex-pack-de-2-unidades-de-45-ml-sanex/R-521028406/p
Perfumeria e higiene,Desodorante roll-on invisible For Black & White roll-on Nivea 50 ml.,"2,80 €","3,70 €/100ml",https://www.carrefour.es/supermercado/desodorante-roll-on-invisible-for-black-white-roll-on-nivea-50-ml-nivea/R-593901539/p
Perfumeria e higiene,Dentífrico Bicarbonato Blanqueador Signal pack de 2 unidades de 100 ml.,"2,08 €","1,40 €/100ml",https://www.carrefour.es/supermercado/dentifrico-bicarbonato-blanqueador-signal-pack-de-2-unidades-de-100-ml-signal/R-521028441/p
Perfumeria e higiene,Cepillo dental eléctrico Precisión Cleam recambio Oral-B 2 ud.,"8,95 €","8,95 €/ud",https://www.carrefour.es/supermercado/cepillo-dental-electrico-precision-cleam-recambio-oral-b-2-ud-oral-b/R-521000344/p
Perfumeria e higiene,Enjuague bucal antiséptico Mentol Listerine 500 ml.,"4,80 €","0,96 €/100ml",https://www.carrefour.es/supermercado/enjuague-bucal-antiseptico-mentol-listerine-500-ml-listerine/R-521000419/p
Perfumeria e higiene,Gel de ducha Coco Addiction Natural Honey 750 ml.,"1,61 €","0,38 €/100ml",https://www.carrefour.es/supermercado/gel-de-ducha-coco-addiction-natural-honey-750-ml-natural-honey/R-prod731239/p
Perfumeria e higiene,Jabón de manos en pastilla sensitivo NB Palmolive pack de 3 unidades de 90 g.,"3,84 €","1,61 €/ud",https://www.carrefour.es/supermercado/jabon-de-manos-en-pastilla-sensitivo-nb-palmolive-pack-de-3-unidades-de-90-g-nb-palmolive/R-622203124/p
Perfumeria e higiene,TAMPON TAMPAX PEARL REGUL 20UD,"2,70 €","0,16 €/ud",https://www.carrefour.es/supermercado/tampon-tampax-pearl-regul-20ud-tampax/R-530363536/p
Perfumeria e higiene,Protegeslip flexi Carefree 58 ud.,"3,05 €","0,05 €/ud",https://www.carrefour.es/supermercado/protegeslip-flexi-carefree-58-ud-carefree/R-521000556/p
Perfumeria e higiene,Gel de ducha con aceite de argán piel seca Dove 500 ml.,"1,99 €","0,61 €/100ml",https://www.carrefour.es/supermercado/gel-de-ducha-con-aceite-de-argan-piel-seca-dove-500-ml-dove/R-872302135/p
Perfumeria e higiene,Dentífrico maximum protección caries menta fresca Colgate 75 ml.,"3,59 €","2,65 €/100ml",https://www.carrefour.es/supermercado/dentifrico-maximum-proteccion-caries-menta-fresca-colgate-75-ml-colgate/R-760602159/p
Perfumeria e higiene,Champú fortificante Pure Fresh Agua de Coco para raíces grasas y puntas secas Garnier-Fructis 360 ml.,"0,99 €","1,00 €/100ml",https://www.carrefour.es/supermercado/champu-fortificante-pure-fresh-agua-de-coco-para-raices-grasas-y-puntas-secas-garnier-fructis-360-ml-garnier-fructis/R-prod65197/p
Perfumeria e higiene,Enjuague bucal de menta suave 500 ml.,"2,30 €","0,20 €/100ml",https://www.carrefour.es/supermercado/enjuague-bucal-de-menta-suave-500-ml-producto-blanco/R-fprod1430007/p
Perfumeria e higiene,Dentífrico infantil de 6 a 9 años sabor menta suave Colgate 50 ml.,"3,84 €","4,60 €/100ml",https://www.carrefour.es/supermercado/dentifrico-infantil-de-6-a-9-anos-sabor-menta-suave-colgate-50-ml-colgate/R-521000469/p
Perfumeria e higiene,Champú reconstructor pelo largo y dañado Dream long L'Oréal-Elvive 370 ml.,"2,50 €","1,04 €/100ml",https://www.carrefour.es/supermercado/champu-reconstructor-pelo-largo-y-danado-dream-long-loreal-elvive-370-ml-loreal-elvive/R-prod650233/p
Perfumeria e higiene,Desodorante natur protect con piedra de alumbre piel normal Sanex 200 ml,"2,95 €","1,25 €/100ml",https://www.carrefour.es/supermercado/desodorante-natur-protect-con-piedra-de-alumbre-piel-normal-sanex-200-ml-sanex/R-520664841/p
Perfumeria e higiene,Desodorante en spray Cobalt Blue anti-transpirante Rexona pack de 2 unidades de 200 ml.,"10,15 €","1,07 €/100ml",https://www.carrefour.es/supermercado/desodorante-en-spray-cobalt-blue-anti-transpirante-rexona-pack-de-2-unidades-de-200-ml-rexona/R-520664718/p
Perfumeria e higiene,Champú Fresco y Puro para cabello normal a graso Timotei 400 ml.,"4,40 €","0,74 €/100ml",https://www.carrefour.es/supermercado/champu-fresco-y-puro-para-cabello-normal-a-graso-timotei-400-ml-timotei/R-665801960/p
Perfumeria e higiene,Champú anticaspa Classic XXL H&S 1 l.,"2,08 €","1,02 €/100ml",https://www.carrefour.es/supermercado/champu-anticaspa-classic-xxl-hs-1-l-hs/R-prod1100023/p
Perfumeria e higiene,Compresas con alas super Ausonia 30 ud.,"4,00 €","0,15 €/ud",https://www.carrefour.es/supermercado/compresas-con-alas-super-ausonia-30-ud-ausonia/R-866818904/p
Perfumeria e higiene,Gel de ducha al té blanco Zen Natural Honey 650 ml.,"2,40 €","0,32 €/100ml",https://www.carrefour.es/supermercado/gel-de-ducha-al-te-blanco-zen-natural-honey-650-ml-natural-honey/R-521008469/p
Perfumeria e higiene,Gel series piel sensible Gillette 200 ml.,"1,53 €","1,35 €/100ml",https://www.carrefour.es/supermercado/gel-series-piel-sensible-gillette-200-ml-gillette/R-521000841/p
Perfumeria e higiene,Acondicionador protector peonía roja y filtros UV para cabello teñido o con mechas Color-Vive L'Oréal-Elvive 300 ml.,"4,00 €","1,33 €/100ml",https://www.carrefour.es/supermercado/acondicionador-protector-peonia-roja-y-filtros-uv-para-cabello-tenido-o-con-mechas-color-vive-loreal-elvive-300-ml-loreal-elvive/R-prod820339/p
Perfumeria e higiene,Mascarilla capilar 3 en 1 Hair Food Banana Ultra nutritiva Para cabello seco Garnier Fructis 390 ml.,"4,50 €","1,15 €/100ml",https://www.carrefour.es/supermercado/mascarilla-capilar-3-en-1-hair-food-banana-ultra-nutritiva-para-cabello-seco-garnier-fructis-390-ml-garnier-fructis/R-prod650231/p
Perfumeria e higiene,Dentífrico herbal original Colgate pack de 2 unidades de 75 ml.,"2,40 €","1,60 €/100ml",https://www.carrefour.es/supermercado/dentifrico-herbal-original-colgate-pack-de-2-unidades-de-75-ml-colgate/R-521000259/p
Perfumeria e higiene,ELIXIR LISTERINE MENTOL 1L,"8,81 €","0,88 €/100ml",https://www.carrefour.es/supermercado/elixir-listerine-mentol-1l-listerine/R-521028465/p
Perfumeria e higiene,Compresas ultra sin alas normal Carrefour 16 ud.,"1,17 €","0,07 €/ud",https://www.carrefour.es/supermercado/compresas-ultra-sin-alas-normal-carrefour-16-ud-carrefour/R-521000483/p
Perfumeria e higiene,Maquinillas desechables para mujer 2 hojas 10 ud.,"0,88 €","0,09 €/ud",https://www.carrefour.es/supermercado/maquinillas-desechables-para-mujer-2-hojas-10-ud/R-VC4AECOMM-447843/p
Perfumeria e higiene,Mascarilla capilar 3 en 1 Hair Food Papaya Reparadora Para cabello dañado Garnier Fructis 390 ml.,"4,50 €","1,15 €/100ml",https://www.carrefour.es/supermercado/mascarilla-capilar-3-en-1-hair-food-papaya-reparadora-para-cabello-danado-garnier-fructis-390-ml-garnier-fructis/R-prod650225/p
Perfumeria e higiene,Dentífrico Espert 10 en 1 Dentalyss pack de 2 unidades de 75 ml.,"0,99 €","0,66 €/100ml",https://www.carrefour.es/supermercado/dentifrico-espert-10-en-1-dentalyss-pack-de-2-unidades-de-75-ml-dentalyss/R-fprod1470032/p
Perfumeria e higiene,Compresas Normal Sin Alas Fina y Segura Evax 16 ud.,"1,78 €","0,11 €/ud",https://www.carrefour.es/supermercado/compresas-normal-sin-alas-fina-y-segura-evax-16-ud-evax/R-707401908/p
Perfumeria e higiene,Seda dental Essencial Floss Cera/Menta Oral-B 50 metros.,"3,29 €","3,29 €/ud",https://www.carrefour.es/supermercado/seda-dental-essencial-floss-cera-menta-oral-b-50-metros-oral-b/R-521000366/p
Perfumeria e higiene,Champú purificante Pantene 360 ml.,"3,51 €","0,97 €/100ml",https://www.carrefour.es/supermercado/champu-purificante-pantene-360-ml-pantene/R-799110698/p
Perfumeria e higiene,Crema de manos con aceite de oliva Nivea 100 ml.,"1,99 €","1,99 €/100ml",https://www.carrefour.es/supermercado/crema-de-manos-con-aceite-de-oliva-nivea-100-ml-nivea/R-607402289/p
Perfumeria e higiene,Dentífrico Pro-Expert Sensibilidad + Blanqueante Oral-B 75 ml.,"2,64 €","3,52 €/100ml",https://www.carrefour.es/supermercado/dentifrico-pro-expert-sensibilidad-blanqueante-oral-b-75-ml-oral-b/R-683603241/p
Perfumeria e higiene,Acondicionador keratina vegetal y aceite de ricino para pelo largo y dañado dream long L'Oréal-Elvive 300 ml.,"4,00 €","1,33 €/100ml",https://www.carrefour.es/supermercado/acondicionador-keratina-vegetal-y-aceite-de-ricino-para-pelo-largo-y-danado-dream-long-loreal-elvive-300-ml-loreal-elvive/R-prod820351/p
Perfumeria e higiene,Mascarilla capilar reconstructora de keratina Suave & Liso Pro-V Pantene 300 ml.,"3,90 €","1,30 €/100ml",https://www.carrefour.es/supermercado/mascarilla-capilar-reconstructora-de-keratina-suave-liso-pro-v-pantene-300-ml-pantene/R-713822876/p
Perfumeria e higiene,Tampones Pearl super Tampax 24 ud.,"4,25 €","0,18 €/ud",https://www.carrefour.es/supermercado/tampones-pearl-super-tampax-24-ud-tampax/R-829117898/p
Perfumeria e higiene,J.PAST HENO DE PRAVIA 115X3,"2,25 €","0,65 €/100g",https://www.carrefour.es/supermercado/jpast-heno-de-pravia-115x3-heno-de-pravia/R-521028506/p
Perfumeria e higiene,Tampones con aplicador Super Carrefour 32 ud.,"2,20 €","0,07 €/ud",https://www.carrefour.es/supermercado/tampones-con-aplicador-super-carrefour-32-ud-carrefour/R-521000526/p
Perfumeria e higiene,Champú nutritivo para cabello seco Carrefour 750 ml.,"1,23 €","0,16 €/100ml",https://www.carrefour.es/supermercado/champu-nutritivo-para-cabello-seco-carrefour-750-ml-carrefour/R-814301081/p
Perfumeria e higiene,Protegeslip Cottonlike maxi Evax 40 ud.,"2,25 €","0,06 €/ud",https://www.carrefour.es/supermercado/protegeslip-cottonlike-maxi-evax-40-ud-evax/R-668701256/p
Perfumeria e higiene,Gel de ducha hidratante con aceite de almendras dulces Natural Honey 1500 ml.,"3,20 €","0,21 €/100ml",https://www.carrefour.es/supermercado/gel-de-ducha-hidratante-con-aceite-de-almendras-dulces-natural-honey-1500-ml-natural-honey/R-844100705/p
Perfumeria e higiene,Dentífrico para niños de 3-6 años sabor chicle Carrefour 50 ml.,"0,80 €","1,60 €/100ml",https://www.carrefour.es/supermercado/dentifrico-para-ninos-de-3-6-anos-sabor-chicle-carrefour-50-ml-carrefour-kids/R-530363512/p
Perfumeria e higiene,DEO WILLIAMS ICE BLUE STICK 75,"2,00 €","2,67 €/100ml",https://www.carrefour.es/supermercado/deo-williams-ice-blue-stick-75-williams/R-520664748/p
Perfumeria e higiene,Champú nutre & fortalece con aceite de coco & aloe vera cabello hidratado y más fuerte Tresemmé 685 ml,"5,25 €","0,77 €/100ml",https://www.carrefour.es/supermercado/champu-nutre-fortalece-con-aceite-de-coco-aloe-vera-cabello-hidratado-y-mas-fuerte-tresemme-685-ml/R-VC4AECOMM-468535/p
Perfumeria e higiene,Mascarilla capilar dream long pelo largo y dañado L'Oréal Elvive 300 ml.,"4,00 €","1,33 €/100ml",https://www.carrefour.es/supermercado/mascarilla-capilar-dream-long-pelo-largo-y-danado-loreal-elvive-300-ml-loreal-elvive/R-prod650234/p
Perfumeria e higiene,Bastoncillos de algodón ecológicos Carrefour Bio 200 ud.,"1,18 €","0,01 €/ud",https://www.carrefour.es/supermercado/bastoncillos-de-algodon-ecologicos-carrefour-bio-200-ud-carrefour-bio/R-fprod1220488/p
Perfumeria e higiene,Desodorante en spray con proteínas de leche Lactovit 200 ml.,"2,29 €","1,14 €/100ml",https://www.carrefour.es/supermercado/desodorante-en-spray-con-proteinas-de-leche-lactovit-200-ml-lactovit/R-520664869/p
Perfumeria e higiene,Enjuague bucal plax verde 500 ml.,"1,99 €","0,81 €/100ml",https://www.carrefour.es/supermercado/enjuague-bucal-plax-verde-500-ml-colgate/R-521000415/p
Perfumeria e higiene,Jabón de manos con aloe vera Babaria 500 ml.,"2,10 €","0,40 €/100ml",https://www.carrefour.es/supermercado/jabon-de-manos-con-aloe-vera-babaria-500-ml-babaria/R-655502218/p
Perfumeria e higiene,Gel de ducha intensa nutrición vainilla Instituto Español 750 ml.,"1,93 €","0,28 €/100ml",https://www.carrefour.es/supermercado/gel-de-ducha-intensa-nutricion-vainilla-instituto-espanol-750-ml-instituto-espanol/R-780052093/p
Perfumeria e higiene,Jabón íntimo rosa mosqueta Babaria 300 ml.,"1,24 €","0,64 €/100ml",https://www.carrefour.es/supermercado/jabon-intimo-rosa-mosqueta-babaria-300-ml-babaria/R-782754350/p
Perfumeria e higiene,Gel de ducha Nostalgia Carrefour 750 ml.,"1,09 €","0,17 €/100ml",https://www.carrefour.es/supermercado/gel-de-ducha-nostalgia-carrefour-750-ml-carrefour/R-prod1070639/p
Perfumeria e higiene,Enjuague bucal triple acción con acción anti placa bacteriana Licor del Polo 500 ml.,"2,80 €","0,79 €/100ml",https://www.carrefour.es/supermercado/enjuague-bucal-triple-accion-con-accion-anti-placa-bacteriana-licor-del-polo-500-ml-licor-del-polo/R-521000421/p
Perfumeria e higiene,Desodorante en spray para hombre Blue Waves 150 ml.,"4,50 €","0,73 €/100ml",https://www.carrefour.es/supermercado/desodorante-en-spray-para-hombre-blue-waves-150-ml-blue-waves/R-656101715/p
Perfumeria e higiene,Gel de ducha Dermo Hidratante Moussel 600 ml.,"6,82 €","0,47 €/100ml",https://www.carrefour.es/supermercado/gel-de-ducha-dermo-hidratante-moussel-600-ml-moussel/R-716603377/p
Perfumeria e higiene,Dentífrico blanqueador one Max White Colgate pack de 2 unidades de 75 ml.,"1,93 €","3,00 €/100ml",https://www.carrefour.es/supermercado/dentifrico-blanqueador-one-max-white-colgate-pack-de-2-unidades-de-75-ml-colgate/R-prod240701/p
Perfumeria e higiene,Champú protector color-vive pelo teñido o con mechas L'Oréal-Elvive 690 ml.,"4,74 €","1,01 €/100ml",https://www.carrefour.es/supermercado/champu-protector-color-vive-pelo-tenido-o-con-mechas-loreal-elvive-690-ml/R-fprod1460498/p
Perfumeria e higiene,Acondicionador repara & protege Pantene 675 ml.,"1,06 €","1,01 €/100ml",https://www.carrefour.es/supermercado/acondicionador-repara-protege-pantene-675-ml-pantene/R-730701856/p
Perfumeria e higiene,Jabón de manos en pastilla delicado 1/4 crema hidratante Carrefour pack de 4 unidades de 100 g.,"2,80 €","0,48 €/100g",https://www.carrefour.es/supermercado/jabon-de-manos-en-pastilla-delicado-1-4-crema-hidratante-carrefour-pack-de-4-unidades-de-100-g-carrefour/R-859823207/p
Perfumeria e higiene,Body milk nutritivo para piel seca Nivea 400 ml.,"5,87 €","1,18 €/100ml",https://www.carrefour.es/supermercado/body-milk-nutritivo-para-piel-seca-nivea-400-ml-nivea/R-520664380/p
Perfumeria e higiene,Compresas ultrafinas super con alas ecológicas Carrefour Eco Planet 10 ud.,"6,45 €","0,11 €/ud",https://www.carrefour.es/supermercado/compresas-ultrafinas-super-con-alas-ecologicas-carrefour-eco-planet-10-ud-carrefour-eco-planet/R-632102131/p
Perfumeria e higiene,Enjuague bucal Total Care Listerine 500 ml.,"2,15 €","1,06 €/100ml",https://www.carrefour.es/supermercado/enjuague-bucal-total-care-listerine-500-ml-listerine/R-521009804/p
Perfumeria e higiene,Gel de ducha Black Energy Magno 550 ml.,"4,37 €","0,51 €/100ml",https://www.carrefour.es/supermercado/gel-de-ducha-black-energy-magno-550-ml-magno/R-847300343/p
Perfumeria e higiene,Champú cuidado clásico para cabello normal y mixto Pantene 700 ml.,"3,90 €","0,84 €/100ml",https://www.carrefour.es/supermercado/champu-cuidado-clasico-para-cabello-normal-y-mixto-pantene-700-ml-pantene/R-797608294/p
Perfumeria e higiene,Tampones Compak Pearl regular Tampax 36 ud.,"4,63 €","0,18 €/ud",https://www.carrefour.es/supermercado/tampones-compak-pearl-regular-tampax-36-ud-tampax/R-798020944/p
Perfumeria e higiene,Dentífrico con cristales refrescantes max fresh Colgate pack de 2 unidades de 75 ml.,"4,65 €","3,10 €/100ml",https://www.carrefour.es/supermercado/dentifrico-con-cristales-refrescantes-max-fresh-colgate-pack-de-2-unidades-de-75-ml/R-VC4AECOMM-497555/p
Perfumeria e higiene,Compresas Maxi sin alas Carrefour 20 ud.,"0,99 €","0,05 €/ud",https://www.carrefour.es/supermercado/compresas-maxi-sin-alas-carrefour-20-ud-carrefour/R-836133980/p
Perfumeria e higiene,Gel de ducha hidratante aloe vera Instituto Español 1250 ml.,"1,92 €","0,15 €/100ml",https://www.carrefour.es/supermercado/gel-de-ducha-hidratante-aloe-vera-instituto-espanol-1250-ml-instituto-espanol/R-727101843/p
Perfumeria e higiene,Champú anticaspa Prevención Caída H&S 360 ml.,"4,00 €","1,11 €/100ml",https://www.carrefour.es/supermercado/champu-anticaspa-prevencion-caida-hs-360-ml-hs/R-823818595/p
Perfumeria e higiene,Jabón íntimo aloe vera Babaria 300 ml.,"1,93 €","0,64 €/100ml",https://www.carrefour.es/supermercado/jabon-intimo-aloe-vera-babaria-300-ml-babaria/R-789830566/p
Perfumeria e higiene,Gel de ducha en crema con almendra y leche NB Palmolive 600 ml.,"2,50 €","0,42 €/100ml",https://www.carrefour.es/supermercado/gel-de-ducha-en-crema-con-almendra-y-leche-nb-palmolive-600-ml-nb-palmolive/R-529043207/p
Perfumeria e higiene,Acondicionador hidratación intensa para cabello seco o dañado Tresemme 855 ml.,"5,00 €","0,58 €/100ml",https://www.carrefour.es/supermercado/acondicionador-hidratacion-intensa-para-cabello-seco-o-danado-tresemme-855-ml/R-VC4AECOMM-468544/p
Perfumeria e higiene,Jabón de manos cocina con extractos de lima Hygiene Plus Palmolive 300 ml.,"2,15 €","0,72 €/100ml",https://www.carrefour.es/supermercado/jabon-de-manos-cocina-con-extractos-de-lima-hygiene-plus-palmolive-300-ml-nb-palmolive/R-521000686/p
Perfumeria e higiene,Champú rizos definidos Pantene 700 ml.,"5,87 €","0,84 €/100ml",https://www.carrefour.es/supermercado/champu-rizos-definidos-pantene-700-ml-pantene/R-797608308/p
Perfumeria e higiene,Mascarilla capilar hidra-rizos para cabello rizado u ondulado Garnier Fructis 300 ml.,"3,80 €","1,27 €/100ml",https://www.carrefour.es/supermercado/mascarilla-capilar-hidra-rizos-para-cabello-rizado-u-ondulado-garnier-fructis-300-ml-garnier-fructis/R-869702265/p
Perfumeria e higiene,Acondicionador reparador con aminoácidos y ceramida para pelo dañado Total Repair 5 L'Oréal-Elvive 300 ml.,"4,00 €","1,33 €/100ml",https://www.carrefour.es/supermercado/acondicionador-reparador-con-aminoacidos-y-ceramida-para-pelo-danado-total-repair-5-loreal-elvive-300-ml-loreal-elvive/R-prod820342/p
Perfumeria e higiene,Desodorante roll-on dermo extra control 48H antitranspirante Sanex 50 ml.,"1,50 €","3,00 €/100ml",https://www.carrefour.es/supermercado/desodorante-roll-on-dermo-extra-control-48h-antitranspirante-sanex-50-ml-sanex/R-prod64999/p
Perfumeria e higiene,Dentífrico clorofila Licor del Polo pack de 2 unidades de 75 ml.,"2,30 €","2,10 €/100ml",https://www.carrefour.es/supermercado/dentifrico-clorofila-licor-del-polo-pack-de-2-unidades-de-75-ml-licor-del-polo/R-521028435/p
Perfumeria e higiene,Gel de manos desinfectante antiséptico para piel sana Sanytol 75 ml.,"6,00 €","3,07 €/100ml",https://www.carrefour.es/supermercado/gel-de-manos-desinfectante-antiseptico-para-piel-sana-sanytol-75-ml/R-VC4AECOMM-473103/p
Perfumeria e higiene,Gel de ducha hidratación profunda Dove pack de 2 unidades de 500 ml.,"2,10 €","0,60 €/100ml",https://www.carrefour.es/supermercado/gel-de-ducha-hidratacion-profunda-dove-pack-de-2-unidades-de-500-ml-dove/R-prod720339/p
Perfumeria e higiene,Jabón de manos leche y almendra Palmolive 300 ml.,"2,30 €","0,70 €/100ml",https://www.carrefour.es/supermercado/jabon-de-manos-leche-y-almendra-palmolive-300-ml-nb-palmolive/R-521012451/p
Perfumeria e higiene,Gel de ducha feel glamorous Palmolive 500 ml.,"2,80 €","0,46 €/100ml",https://www.carrefour.es/supermercado/gel-de-ducha-feel-glamorous-palmolive-500-ml-nb-palmolive/R-798275952/p
Perfumeria e higiene,Cepillo de dientes infantil suave batman o wonder woman Colgate 2 ud.,"3,88 €","2,80 €/ud",https://www.carrefour.es/supermercado/cepillo-de-dientes-infantil-suave-batman-o-wonder-woman-colgate-2-ud-colgate/R-521000439/p
Perfumeria e higiene,Champú anticaspa + acondicionador todo en uno menthol fresh H&S 360 ml.,"3,50 €","1,08 €/100ml",https://www.carrefour.es/supermercado/champu-anticaspa-acondicionador-todo-en-uno-menthol-fresh-hs-360-ml-hs/R-814100322/p
Perfumeria e higiene,"Jabón 100% natural de glicerina, limpia e hidrata tu piel. Lida 600 ml.","3,05 €","0,58 €/100ml",https://www.carrefour.es/supermercado/jabon-100-natural-de-glicerina-limpia-e-hidrata-tu-piel-lida-600-ml-lida/R-526413903/p
Perfumeria e higiene,Dentífrico encías sanas 12h de protección completa Colgate Total 75 ml.,"4,00 €","4,07 €/100ml",https://www.carrefour.es/supermercado/dentifrico-encias-sanas-12h-de-proteccion-completa-colgate-total-75-ml-colgate/R-prod1022619/p
Perfumeria e higiene,Champú anticaspa Menthol Fresh H&S 360 ml.,"2,20 €","1,11 €/100ml",https://www.carrefour.es/supermercado/champu-anticaspa-menthol-fresh-hs-360-ml-hs/R-823818676/p
Perfumeria e higiene,Protegeslip Adapt Evax 30 ud.,"4,75 €","0,07 €/ud",https://www.carrefour.es/supermercado/protegeslip-adapt-evax-30-ud-evax/R-521000566/p
Perfumeria e higiene,Champú neutro sin sulfatos Herbal 500 ml.,"4,20 €","0,84 €/100ml",https://www.carrefour.es/supermercado/champu-neutro-sin-sulfatos-herbal-500-ml-herbal/R-prod62009/p
Perfumeria e higiene,Gel de ducha con sales minerales aroma aguacate La Toja 550 ml.,"2,00 €","0,36 €/100ml",https://www.carrefour.es/supermercado/gel-de-ducha-con-sales-minerales-aroma-aguacate-la-toja-550-ml-la-toja/R-prod810481/p
Perfumeria e higiene,Desodorante roll-on anti-transpirante Dry Comfort Nivea 50 ml.,"1,85 €","3,70 €/100ml",https://www.carrefour.es/supermercado/desodorante-roll-on-anti-transpirante-dry-comfort-nivea-50-ml-nivea/R-520664859/p
Perfumeria e higiene,Tampones con aplicador Normal Carrefour 32 ud.,"2,20 €","0,07 €/ud",https://www.carrefour.es/supermercado/tampones-con-aplicador-normal-carrefour-32-ud-carrefour/R-521000528/p
Perfumeria e higiene,CH ULTRA SUAVE ALBARICOQUE 400,"3,30 €","0,82 €/100ml",https://www.carrefour.es/supermercado/ch-ultra-suave-albaricoque-400-garnier-ultra-suave/R-529043457/p
Perfumeria e higiene,Gel de ducha rose elegant Magno 550 ml.,"2,80 €","0,51 €/100ml",https://www.carrefour.es/supermercado/gel-de-ducha-rose-elegant-magno-550-ml-magno/R-prod870429/p
Perfumeria e higiene,"Crema hidratante de manos, cara y cuerpo Nivea 300 ml.","4,51 €","1,50 €/100ml",https://www.carrefour.es/supermercado/crema-hidratante-de-manos-cara-y-cuerpo-nivea-300-ml-nivea/R-716511150/p
Perfumeria e higiene,Desodorante roll-on organic fresh activo con menta y te verde ecológico Byly 50 ml.,"3,51 €","3,60 €/100ml",https://www.carrefour.es/supermercado/desodorante-roll-on-organic-fresh-activo-con-menta-y-te-verde-ecologico-byly-50-ml-byly/R-520664875/p
Perfumeria e higiene,Champú para pelo normal y mixto Cuidado Clásico Pro-V Pantene 360 ml.,"6,82 €","0,97 €/100ml",https://www.carrefour.es/supermercado/champu-para-pelo-normal-y-mixto-cuidado-clasico-pro-v-pantene-360-ml-pantene/R-799110710/p
Perfumeria e higiene,Champú anticaspa para cabello graso Citrus Fresh H&S 700 ml.,"4,80 €","0,97 €/100ml",https://www.carrefour.es/supermercado/champu-anticaspa-para-cabello-graso-citrus-fresh-hs-700-ml-hs/R-764119633/p
Perfumeria e higiene,Enjuague bucal zero Listerine 500 ml.,"0,75 €","0,96 €/100ml",https://www.carrefour.es/supermercado/enjuague-bucal-zero-listerine-500-ml-listerine/R-652301890/p
Perfumeria e higiene,Desodorante roll-on 24h con proteínas de la leche antitranspirante Carrefour 50 ml.,"5,87 €","1,50 €/100ml",https://www.carrefour.es/supermercado/desodorante-roll-on-24h-con-proteinas-de-la-leche-antitranspirante-carrefour-50-ml-carrefour/R-797316684/p
Perfumeria e higiene,Champú suave y liso para cabello encrespado o apagado Pro-V Pantene 700 ml.,"2,75 €","0,84 €/100ml",https://www.carrefour.es/supermercado/champu-suave-y-liso-para-cabello-encrespado-o-apagado-pro-v-pantene-700-ml-pantene/R-797608312/p
Perfumeria e higiene,Desodorante en spray dermo extra control Sanex 200 ml.,"1,28 €","1,37 €/100ml",https://www.carrefour.es/supermercado/desodorante-en-spray-dermo-extra-control-sanex-200-ml-sanex/R-713621930/p
Perfumeria e higiene,Protegeslip normal ecológico Carrefour Eco Planet 24 ud.,"4,15 €","0,05 €/ud",https://www.carrefour.es/supermercado/protegeslip-normal-ecologico-carrefour-eco-planet-24-ud-carrefour-eco-planet/R-632102127/p
Perfumeria e higiene,Dentífrico para dientes sensibles repair & protect blanqueante Sensodyne 75 ml.,"2,80 €","5,53 €/100ml",https://www.carrefour.es/supermercado/dentifrico-para-dientes-sensibles-repair-protect-blanqueante-sensodyne-75-ml-sensodyne/R-668105509/p
Perfumeria e higiene,Gel de ducha Gold Magno 550 ml.,"2,29 €","0,51 €/100ml",https://www.carrefour.es/supermercado/gel-de-ducha-gold-magno-550-ml-magno/R-640002011/p
Perfumeria e higiene,Gel de ducha reparador Lactourea Lactovit 600 ml.,"1,28 €","0,38 €/100ml",https://www.carrefour.es/supermercado/gel-de-ducha-reparador-lactourea-lactovit-600-ml-lactovit/R-706508531/p
Perfumeria e higiene,Cepillo interdental ultra fino Carrefour 5 ud.,"1,99 €","0,26 €/ud",https://www.carrefour.es/supermercado/cepillo-interdental-ultra-fino-carrefour-5-ud-carrefour/R-521000384/p
Perfumeria e higiene,Dentífrico sabor a fruta para niños de 3 a 5 años Colgate 50 ml.,"4,00 €","3,98 €/100ml",https://www.carrefour.es/supermercado/dentifrico-sabor-a-fruta-para-ninos-de-3-a-5-anos-colgate-50-ml-colgate/R-845100666/p
Perfumeria e higiene,Champú Ultra prevención caída hombre H&S 300 ml.,"2,15 €","1,33 €/100ml",https://www.carrefour.es/supermercado/champu-ultra-prevencion-caida-hombre-hs-300-ml-hs/R-prod650200/p
Perfumeria e higiene,Desodorante en crema Dove 50 ml.,"3,00 €","4,30 €/100ml",https://www.carrefour.es/supermercado/desodorante-en-crema-dove-50-ml-dove/R-520664863/p
Perfumeria e higiene,Laca fijación ultra fuerte Pro-V Pantene 300 ml.,"2,10 €","1,00 €/100ml",https://www.carrefour.es/supermercado/laca-fijacion-ultra-fuerte-pro-v-pantene-300-ml-pantene/R-636701727/p
Perfumeria e higiene,Compresas Cottonlike superplus con alas Evax 10 ud.,"2,08 €","0,21 €/ud",https://www.carrefour.es/supermercado/compresas-cottonlike-superplus-con-alas-evax-10-ud-evax/R-720008324/p
Perfumeria e higiene,Compresas fina y segura maxi sin alas Evax 13 ud.,"1,58 €","0,12 €/ud",https://www.carrefour.es/supermercado/compresas-fina-y-segura-maxi-sin-alas-evax-13-ud-evax/R-prod820119/p
Perfumeria e higiene,Acondicionador anti rotura para pelos frágil y con tendencia a caerse Full Resist L'Oréal-Elvive 300 ml.,"4,50 €","1,12 €/100ml",https://www.carrefour.es/supermercado/acondicionador-anti-rotura-para-pelos-fragil-y-con-tendencia-a-caerse-full-resist-loreal-elvive-300-ml-loreal-elvive/R-prod820348/p
Perfumeria e higiene,Gel hidroalcohólico antiséptico para piel sana Snona dosificador de 500 ml.,"2,70 €","0,90 €/100ml",https://www.carrefour.es/supermercado/gel-hidroalcoholico-antiseptico-para-piel-sana-snona-dosificador-de-500-ml/R-VC4AECOMM-430971/p
Perfumeria e higiene,Crema de manos tratamiento intensivo Dove-goodness 75 ml.,"4,29 €","3,60 €/100ml",https://www.carrefour.es/supermercado/crema-de-manos-tratamiento-intensivo-dove-goodness-75-ml-dove-goodness/R-820613930/p
Perfumeria e higiene,Bandas de cera depilatoria facial para pieles sensibles Veet 20 ud,"4,50 €","0,21 €/ud",https://www.carrefour.es/supermercado/bandas-de-cera-depilatoria-facial-para-pieles-sensibles-veet-20-ud-veet/R-prod62651/p
Perfumeria e higiene,Dentífrico Sensibilidad y Blanqueador Pro-Expert,"0,99 €","3,60 €/100ml",https://www.carrefour.es/supermercado/dentifrico-sensibilidad-y-blanqueador-pro-expert-oral-b/R-850500531/p
Perfumeria e higiene,Cepillo dental medio con cerdas cruzadas Carrefour 2 ud.,"0,99 €","0,49 €/ud",https://www.carrefour.es/supermercado/cepillo-dental-medio-con-cerdas-cruzadas-carrefour-2-ud-carrefour/R-521035530/p
Perfumeria e higiene,Crema suavizante 1 l.,"3,51 €","0,10 €/100ml",https://www.carrefour.es/supermercado/crema-suavizante-1-l-producto-blanco/R-568801657/p
Perfumeria e higiene,Champú micelar purifica & revitaliza para pelo graso y apagado Pro-V Pantene 360 ml.,"2,50 €","0,97 €/100ml",https://www.carrefour.es/supermercado/champu-micelar-purifica-revitaliza-para-pelo-graso-y-apagado-pro-v-pantene-360-ml-pantene/R-prod382062/p
Perfumeria e higiene,Gel de ducha en crema con coco y leche hidratante NB Palmolive 600 ml.,"3,60 €","0,42 €/100ml",https://www.carrefour.es/supermercado/gel-de-ducha-en-crema-con-coco-y-leche-hidratante-nb-palmolive-600-ml-nb-palmolive/R-prod65444/p
Perfumeria e higiene,Agua de colonia fragancia original Nenuco Classic 750 ml.,"3,05 €","0,48 €/100ml",https://www.carrefour.es/supermercado/agua-de-colonia-fragancia-original-nenuco-classic-750-ml-nenuco/R-665802038/p
Perfumeria e higiene,Gel de ducha aceite de coco y leche de almendras Dove 500 ml.,"3,15 €","0,61 €/100ml",https://www.carrefour.es/supermercado/gel-de-ducha-aceite-de-coco-y-leche-de-almendras-dove-500-ml-dove/R-872302133/p
Perfumeria e higiene,Desodorante roll-on Original con vitaminas E y F Dove pack de 2 unidades de 50 ml.,"3,50 €","3,15 €/100ml",https://www.carrefour.es/supermercado/desodorante-roll-on-original-con-vitaminas-e-y-f-dove-pack-de-2-unidades-de-50-ml-dove/R-839100359/p
Perfumeria e higiene,Crema corporal nutritiva para piel seca Lactovit 400 ml.,"2,20 €","0,87 €/100ml",https://www.carrefour.es/supermercado/crema-corporal-nutritiva-para-piel-seca-lactovit-400-ml-lactovit/R-520664326/p
Perfumeria e higiene,Dentífrico xtra white triple acción Colgate 75 ml.,"0,61 €","2,93 €/100ml",https://www.carrefour.es/supermercado/dentifrico-xtra-white-triple-accion-colgate-75-ml-colgate/R-prod820041/p
Perfumeria e higiene,Dentrífico blanqueador Dentalyss White Carrefour 75 ml.,"2,80 €","0,81 €/100ml",https://www.carrefour.es/supermercado/dentrifico-blanqueador-dentalyss-white-carrefour-75-ml/R-fprod1470156/p
Perfumeria e higiene,Gel de ducha purificante aloe vera Moussel 600 ml.,"3,85 €","0,47 €/100ml",https://www.carrefour.es/supermercado/gel-de-ducha-purificante-aloe-vera-moussel-600-ml-moussel/R-prod910038/p
Perfumeria e higiene,Protegeslip Cottonlike normal Evax 100 ud.,"1,72 €","0,04 €/ud",https://www.carrefour.es/supermercado/protegeslip-cottonlike-normal-evax-100-ud-evax/R-615201728/p
Perfumeria e higiene,Discos desmaquillantes sensitive Demak Up 48 ud.,"7,30 €","0,04 €/ud",https://www.carrefour.es/supermercado/discos-desmaquillantes-sensitive-demak-up-48-ud-demak-up/R-840300701/p
Perfumeria e higiene,Crema gel nutri rizos secado al aire sin aclarado cabello rizado Garnier-Fructis 400 ml.,"3,80 €","1,06 €/100ml",https://www.carrefour.es/supermercado/crema-gel-nutri-rizos-secado-al-aire-sin-aclarado-cabello-rizado-garnier-fructis-400-ml-garnier-fructis/R-prod1120104/p
Perfumeria e higiene,Maquina de afeitar desechable Blue II Gillette 15 ud.,"3,59 €","0,49 €/ud",https://www.carrefour.es/supermercado/maquina-de-afeitar-desechable-blue-ii-gillette-15-ud-gillette/R-521000894/p
Perfumeria e higiene,Desodorante en spray para hombre con proteínas de leche Lactovit 200 ml.,"2,29 €","1,14 €/100ml",https://www.carrefour.es/supermercado/desodorante-en-spray-para-hombre-con-proteinas-de-leche-lactovit-200-ml-lactovit/R-520664740/p
Perfumeria e higiene,Champú liso y sedoso proteínas de seda & aceite de argán para cabello seco y tendencia a encresparse Tresemmé 855 ml,"5,00 €","0,58 €/100ml",https://www.carrefour.es/supermercado/champu-liso-y-sedoso-proteinas-de-seda-aceite-de-argan-para-cabello-seco-y-tendencia-a-encresparse-tresemme-855-ml/R-VC4AECOMM-468698/p
Perfumeria e higiene,Toallitas Desmaquilladoras Refrescantes Piel normal/mixta Nivea 40 ud.,"2,30 €","0,06 €/ud",https://www.carrefour.es/supermercado/toallitas-desmaquilladoras-refrescantes-piel-normal-mixta-nivea-40-ud-nivea/R-814300681/p
Perfumeria e higiene,Champú violeta matizadora L'Oréal-Elvive 200 g,"4,20 €","2,10 €/100ml",https://www.carrefour.es/supermercado/champu-violeta-matizadora-loreal-elvive-200-g-loreal-elvive/R-prod1120105/p
Perfumeria e higiene,Dentífrico junior + 6 años con flúor sabor fresa refrescante Licor del Polo 75 ml.,"2,10 €","2,80 €/100ml",https://www.carrefour.es/supermercado/dentifrico-junior-6-anos-con-fluor-sabor-fresa-refrescante-licor-del-polo-75-ml-licor-del-polo/R-prod350556/p
Perfumeria e higiene,Tampones Compak Lites Tampax 22 ud.,"3,60 €","0,16 €/ud",https://www.carrefour.es/supermercado/tampones-compak-lites-tampax-22-ud-tampax/R-521000542/p
Perfumeria e higiene,Dentífrico Complete con enjuague bucal + blanqueante Oral-B 75 ml.,"2,30 €","3,07 €/100ml",https://www.carrefour.es/supermercado/dentifrico-complete-con-enjuague-bucal-blanqueante-oral-b-75-ml-oral-b/R-683603251/p
Perfumeria e higiene,Jabón de manos en pastilla glicerina natural Lixoné 375 g.,"2,30 €","0,61 €/100g",https://www.carrefour.es/supermercado/jabon-de-manos-en-pastilla-glicerina-natural-lixone-375-g-lixone/R-590207329/p
Perfumeria e higiene,Mascarilla capilar 3 en 1 Hair Food Aloe Vera hidratante para cabello normal Garnier Fructis 390 ml.,"5,45 €","1,40 €/100ml",https://www.carrefour.es/supermercado/mascarilla-capilar-3-en-1-hair-food-aloe-vera-hidratante-para-cabello-normal-garnier-fructis-390-ml-garnier-fructis/R-prod1120100/p
Perfumeria e higiene,Arcos dentales para la limpieza interdental Carrefour 30 ud.,"0,99 €","0,03 €/ud",https://www.carrefour.es/supermercado/arcos-dentales-para-la-limpieza-interdental-carrefour-30-ud-carrefour/R-prod760498/p
Perfumeria e higiene,Desodorante roll-on Zero 0% extra control Sanex 50 ml.,"1,70 €","3,40 €/100ml",https://www.carrefour.es/supermercado/desodorante-roll-on-zero-0-extra-control-sanex-50-ml-sanex/R-fprod1260029/p
Perfumeria e higiene,Compresas maxi noche Absodys Carrefour 12 ud.,"2,90 €","0,24 €/ud",https://www.carrefour.es/supermercado/compresas-maxi-noche-absodys-carrefour-12-ud-carrefour/R-857500370/p
Perfumeria e higiene,Champú Familiar para cabello normal Revlon Flex 650 ml.,"3,10 €","0,48 €/100ml",https://www.carrefour.es/supermercado/champu-familiar-para-cabello-normal-revlon-flex-650-ml-flex/R-520663145/p
Perfumeria e higiene,Esponja de baño natural marina Carrefour 1 ud.,"3,75 €","3,75 €/ud",https://www.carrefour.es/supermercado/esponja-de-bano-natural-marina-carrefour-1-ud-carrefour/R-fprod1280626/p
Perfumeria e higiene,Pack de 2 dentífricos Fluocaril 250 mg,"8,30 €","3,32 €/100ml",https://www.carrefour.es/supermercado/pack-de-2-dentifricos-fluocaril-250-mg-fluocaril/R-837010470/p
Perfumeria e higiene,Cepillo dental zigzag suave Colgate 3 ud,"2,50 €","2,50 €/ud",https://www.carrefour.es/supermercado/cepillo-dental-zigzag-suave-colgate-3-ud-colgate/R-767306348/p
Perfumeria e higiene,Dentífrico + enjuague bucal 2 en 1 Acción 3 Licor del Polo 75 ml.,"1,82 €","2,43 €/100ml",https://www.carrefour.es/supermercado/dentifrico-enjuague-bucal-2-en-1-accion-3-licor-del-polo-75-ml-licor-del-polo/R-866818916/p
Perfumeria e higiene,Champú fortificante Pure Fresh Pepino Purificante para cabello graso Garnier-Fructis 360 ml.,"3,59 €","1,00 €/100ml",https://www.carrefour.es/supermercado/champu-fortificante-pure-fresh-pepino-purificante-para-cabello-graso-garnier-fructis-360-ml-garnier-fructis/R-prod65196/p
Perfumeria e higiene,Mascarilla capilar superalimento BB7 Fuerza & Cuerpo Pantene 300 ml.,"3,90 €","1,30 €/100ml",https://www.carrefour.es/supermercado/mascarilla-capilar-superalimento-bb7-fuerza-cuerpo-pantene-300-ml-pantene/R-prod890022/p
Perfumeria e higiene,Champú seco anti-grasa 24h para cabellos con tendencia a grasa Gliss 200 ml.,"4,80 €","1,90 €/100ml",https://www.carrefour.es/supermercado/champu-seco-anti-grasa-24h-para-cabellos-con-tendencia-a-grasa-gliss-200-ml-gliss/R-678901779/p
Perfumeria e higiene,Enjuague encías revitalizante fortificante Colgate 500 ml.,"2,64 €","0,96 €/100ml",https://www.carrefour.es/supermercado/enjuague-encias-revitalizante-fortificante-colgate-500-ml/R-VC4AECOMM-443095/p
Perfumeria e higiene,Dentífrico Multi-Protección Oral-B 75 ml.,"5,25 €","3,52 €/100ml",https://www.carrefour.es/supermercado/dentifrico-multi-proteccion-oral-b-75-ml-oral-b/R-683603231/p
Perfumeria e higiene,Toallitas Desmaquilladoras Suaves Piel seca/sensible Nivea 40 ud.,"2,50 €","0,05 €/ud",https://www.carrefour.es/supermercado/toallitas-desmaquilladoras-suaves-piel-seca-sensible-nivea-40-ud-nivea/R-814300711/p
Perfumeria e higiene,Desodorante en spray piel sensible con piedra de alumbre natur protect Sanex 200 ml.,"2,95 €","1,25 €/100ml",https://www.carrefour.es/supermercado/desodorante-en-spray-piel-sensible-con-piedra-de-alumbre-natur-protect-sanex-200-ml-sanex/R-520664843/p
Perfumeria e higiene,Cepillo de dientes medio max white Colgate 2 ud.,"3,30 €","2,95 €/ud",https://www.carrefour.es/supermercado/cepillo-de-dientes-medio-max-white-colgate-2-ud-colgate/R-526413895/p
Perfumeria e higiene,Dentífrico blanqueante Encias & Esmalte Repair Oral-B 75 ml.,"1,50 €","4,40 €/100ml",https://www.carrefour.es/supermercado/dentifrico-blanqueante-encias-esmalte-repair-oral-b-75-ml-oral-b/R-prod650128/p
Perfumeria e higiene,Discos desmaquillantes Carrefour pack de 3 unidades de 70 ud.,"4,75 €","0,01 €/ud",https://www.carrefour.es/supermercado/discos-desmaquillantes-carrefour-pack-de-3-unidades-de-70-ud/R-VC4AECOMM-540534/p
Perfumeria e higiene,Agua Micelar todo en 1 Garnier 400 ml.,"3,51 €","1,19 €/100ml",https://www.carrefour.es/supermercado/agua-micelar-todo-en-1-garnier-400-ml-garnier/R-756700952/p
Perfumeria e higiene,Gel de ducha cremoso fresa Palmolive Gourmet 500 ml.,"2,85 €","0,57 €/100ml",https://www.carrefour.es/supermercado/gel-de-ducha-cremoso-fresa-palmolive-gourmet-500-ml-palmolive/R-prod100350/p
Perfumeria e higiene,Champú anticaspa Pantene 360 ml.,"2,50 €","0,97 €/100ml",https://www.carrefour.es/supermercado/champu-anticaspa-pantene-360-ml-pantene/R-798482409/p
Perfumeria e higiene,Maquinilla de afeitar desechable Extra II for Women Wilkinson 5 ud.,"3,90 €","0,57 €/ud",https://www.carrefour.es/supermercado/maquinilla-de-afeitar-desechable-extra-ii-for-women-wilkinson-5-ud-wilkinson/R-520664495/p
Perfumeria e higiene,Jabón de manos vainilla y karité Becasan Nature 500 ml.,"4,05 €","0,50 €/100ml",https://www.carrefour.es/supermercado/jabon-de-manos-vainilla-y-karite-becasan-nature-500-ml/R-prod393204/p
Perfumeria e higiene,ACONDICION PANTENE REPARA300ML,"1,37 €","1,30 €/100ml",https://www.carrefour.es/supermercado/acondicion-pantene-repara300ml-pantene/R-520663339/p
Perfumeria e higiene,Champú anticaspa con aceite de argán Suprême Repara H&S 300 ml.,"2,20 €","1,35 €/100ml",https://www.carrefour.es/supermercado/champu-anticaspa-con-aceite-de-argan-suprme-repara-hs-300-ml-hs/R-prod650167/p
Perfumeria e higiene,Gel de ducha Pompas Kids Carrefour 500 ml.,"0,99 €","0,27 €/100ml",https://www.carrefour.es/supermercado/gel-de-ducha-pompas-kids-carrefour-500-ml-carrefour/R-prod1070649/p
Perfumeria e higiene,Espuma de afeitar piel sensible Gillette 300 ml.,"2,24 €","0,73 €/100ml",https://www.carrefour.es/supermercado/espuma-de-afeitar-piel-sensible-gillette-300-ml-gillette/R-prod371855/p
Perfumeria e higiene,Dentífrico expert + herbal 10 en 1 Dentalyss pack de 2 unidades de 75 ml.,"3,59 €","0,66 €/100ml",https://www.carrefour.es/supermercado/dentifrico-expert-herbal-10-en-1-dentalyss-pack-de-2-unidades-de-75-ml-dentalyss/R-fprod1460601/p
Perfumeria e higiene,"Gel de ducha Leche Carrefour 1,50 l.","1,77 €","0,15 €/100ml",https://www.carrefour.es/supermercado/gel-de-ducha-leche-carrefour-1-50-l-carrefour/R-prod1070620/p
Perfumeria e higiene,Champú fortificante Anticaspa para cabello normal Garnier-Fructis 360 ml.,"4,25 €","1,00 €/100ml",https://www.carrefour.es/supermercado/champu-fortificante-anticaspa-para-cabello-normal-garnier-fructis-360-ml-garnier-fructis/R-prod64582/p
Perfumeria e higiene,Jabón de manos en pastilla con sales minerales La Toja pack de 2 pastillas de 125 g.,"4,70 €","0,71 €/100g",https://www.carrefour.es/supermercado/jabon-de-manos-en-pastilla-con-sales-minerales-la-toja-pack-de-2-pastillas-de-125-g-la-toja/R-521014972/p
Perfumeria e higiene,Desechable Sensor 3 Gillette 4 ud.,"3,99 €","1,06 €/ud",https://www.carrefour.es/supermercado/desechable-sensor-3-gillette-4-ud-gillette/R-521000928/p
Perfumeria e higiene,Tabletas limpiadoras para prótesis dentales oxígeno activo,"3,95 €","0,16 €/ud",https://www.carrefour.es/supermercado/tabletas-limpiadoras-para-protesis-dentales-oxigeno-activo-polident/R-521000364/p
Perfumeria e higiene,Champú Repara Aceite de argán de marruecos bío:renew Herbal Essences 400 ml.,"1,99 €","1,00 €/100ml",https://www.carrefour.es/supermercado/champu-repara-aceite-de-argan-de-marruecos-biorenew-herbal-essences-400-ml-herbal-essences/R-prod650101/p
Perfumeria e higiene,Compresas incontinencia super Absodys Carrefour 20 ud.,"2,50 €","0,20 €/ud",https://www.carrefour.es/supermercado/compresas-incontinencia-super-absodys-carrefour-20-ud-carrefour/R-703302707/p
Perfumeria e higiene,Discos desmaquillantes suaves ecológicos Carrefour Bio 70 ud.,"1,39 €","0,02 €/ud",https://www.carrefour.es/supermercado/discos-desmaquillantes-suaves-ecologicos-carrefour-bio-70-ud-carrefour-bio/R-551303301/p
Perfumeria e higiene,Gel íntimo delicado Chilly 250 ml.,"3,70 €","1,48 €/100ml",https://www.carrefour.es/supermercado/gel-intimo-delicado-chilly-250-ml-chilly/R-590211159/p
Perfumeria e higiene,CARREFOUR COLONIA FRESCA 750,"1,45 €","0,19 €/100ml",https://www.carrefour.es/supermercado/carrefour-colonia-fresca-750-carrefour/R-521008338/p
Perfumeria e higiene,Gel de ducha hidratante dermo protector anti- bacterial hipoalergénico Instituto Español 750 ml.,"2,10 €","0,28 €/100ml",https://www.carrefour.es/supermercado/gel-de-ducha-hidratante-dermo-protector-anti-bacterial-hipoalergenico-instituto-espanol-750-ml-instituto-espanol/R-711607431/p
Perfumeria e higiene,Minibandas depilatorias faciales de cera fría con aloe vera Carrefour 20 ud.,"1,99 €","0,10 €/ud",https://www.carrefour.es/supermercado/minibandas-depilatorias-faciales-de-cera-fria-con-aloe-vera-carrefour-20-ud-carrefour/R-820613992/p
Perfumeria e higiene,Champú Aceite Extraordinario para cabello normal a seco L'Oréal-Elvive 370 ml.,"3,84 €","1,04 €/100ml",https://www.carrefour.es/supermercado/champu-aceite-extraordinario-para-cabello-normal-a-seco-loreal-elvive-370-ml-loreal-elvive/R-826005355/p
Perfumeria e higiene,Gel íntimo Chilly 250 ml.,"3,70 €","1,48 €/100ml",https://www.carrefour.es/supermercado/gel-intimo-chilly-250-ml-chilly/R-590211157/p
Perfumeria e higiene,Champú para pelo graso Aqua Light Pro-V Pantene 360 ml.,"3,51 €","0,97 €/100ml",https://www.carrefour.es/supermercado/champu-para-pelo-graso-aqua-light-pro-v-pantene-360-ml-pantene/R-798482407/p
Perfumeria e higiene,Esponja de baño bebé dermo Carrefouer 1 ud.,"1,50 €","1,50 €/ud",https://www.carrefour.es/supermercado/esponja-de-bano-bebe-dermo-carrefouer-1-ud-carrefour/R-fprod1280752/p
Perfumeria e higiene,Champú anticaspa apple fresh H&S 1000 ml.,"8,90 €","0,89 €/100ml",https://www.carrefour.es/supermercado/champu-anticaspa-apple-fresh-hs-1000-ml/R-VC4AECOMM-445274/p
Perfumeria e higiene,Esponja vegetal suave delicada Carrefour 1 ud.,"0,93 €","0,93 €/ud",https://www.carrefour.es/supermercado/esponja-vegetal-suave-delicada-carrefour-1-ud-carrefour/R-fprod1280755/p
Perfumeria e higiene,Acondicionador nutre & fortalece con aceite de coco & aloe vera cabello hidratado y mas fuerte Tresemmé 685 ml,"5,25 €","0,77 €/100ml",https://www.carrefour.es/supermercado/acondicionador-nutre-fortalece-con-aceite-de-coco-aloe-vera-cabello-hidratado-y-mas-fuerte-tresemme-685-ml/R-VC4AECOMM-468518/p
Perfumeria e higiene,Gel de ducha con aceite de coco Natural Honey 1500 ml.,"3,45 €","0,23 €/100ml",https://www.carrefour.es/supermercado/gel-de-ducha-con-aceite-de-coco-natural-honey-1500-ml-natural-honey/R-814635072/p
Perfumeria e higiene,Loción corporal Reafirmante para piel normal Nivea 400 ml.,"5,00 €","1,25 €/100ml",https://www.carrefour.es/supermercado/locion-corporal-reafirmante-para-piel-normal-nivea-400-ml-nivea/R-521010983/p
Perfumeria e higiene,Champú fortificante alisador Hidra Liso Garnier-Fructis 360 ml.,"3,59 €","1,00 €/100ml",https://www.carrefour.es/supermercado/champu-fortificante-alisador-hidra-liso-garnier-fructis-360-ml-garnier-fructis/R-prod64587/p
Perfumeria e higiene,ESPUMA RIZO MARC.GIORGI 210M,"2,55 €","1,21 €/100ml",https://www.carrefour.es/supermercado/espuma-rizo-marcgiorgi-210m-giorgi/R-530363634/p
Perfumeria e higiene,Acondicionador repara y protege Pantene 90 ml.,"1,34 €","1,49 €/100ml",https://www.carrefour.es/supermercado/acondicionador-repara-y-protege-pantene-90-ml-pantene/R-prod880813/p
Perfumeria e higiene,Mascarilla capilar color vive L'Oréal Elvive 300 ml.,"4,00 €","1,33 €/100ml",https://www.carrefour.es/supermercado/mascarilla-capilar-color-vive-loreal-elvive-300-ml-loreal-elvive/R-583901525/p
Perfumeria e higiene,Enjuague bucal Dientes y encias Listerine 1 l.,"8,81 €","0,88 €/100ml",https://www.carrefour.es/supermercado/enjuague-bucal-dientes-y-encias-listerine-1-l-listerine/R-521000398/p
Perfumeria e higiene,Enjuague bucal infantil Minions Colgate 250 ml.,"2,75 €","1,10 €/100ml",https://www.carrefour.es/supermercado/enjuague-bucal-infantil-minions-colgate-250-ml-colgate/R-prod700387/p
Perfumeria e higiene,Champú anticaspa menthol fresh XXL H&S 1 l.,"10,15 €","1,02 €/100ml",https://www.carrefour.es/supermercado/champu-anticaspa-menthol-fresh-xxl-hs-1-l-hs/R-prod1100045/p
Perfumeria e higiene,Champú para rizos encrespados Rizos Definidos Pro-V Pantene 360 ml.,"3,51 €","0,97 €/100ml",https://www.carrefour.es/supermercado/champu-para-rizos-encrespados-rizos-definidos-pro-v-pantene-360-ml-pantene/R-799110706/p
Perfumeria e higiene,Recambio maquinilla Venus Breeze Gillette 4 ud.,"11,00 €","2,75 €/ud",https://www.carrefour.es/supermercado/recambio-maquinilla-venus-breeze-gillette-4-ud-gillette/R-520664501/p
Perfumeria e higiene,Esponja de baño con fibras naturales Calypso 1 ud.,"1,68 €","1,68 €/ud",https://www.carrefour.es/supermercado/esponja-de-bano-con-fibras-naturales-calypso-1-ud-calypso/R-522714318/p
Perfumeria e higiene,Desodorante en spray Black Axe pack de 2 unidades de 125 ml.,"4,00 €","1,33 €/100ml",https://www.carrefour.es/supermercado/desodorante-en-spray-black-axe-pack-de-2-unidades-de-125-ml-axe/R-804031915/p
Perfumeria e higiene,Dentífrico blanqueador Sensitive Colgate 75+25 ml.,"2,39 €","3,19 €/100ml",https://www.carrefour.es/supermercado/dentifrico-blanqueador-sensitive-colgate-7525-ml-colgate/R-521000263/p
Perfumeria e higiene,Desodorante en spray dermo sensitive Sanex pack de 2 unidades de 200 ml.,"4,88 €","1,22 €/100ml",https://www.carrefour.es/supermercado/desodorante-en-spray-dermo-sensitive-sanex-pack-de-2-unidades-de-200-ml-sanex/R-520664899/p
Perfumeria e higiene,Gel de ducha con sales minerales de agua termal La Toja 1 l.,"3,65 €","0,36 €/100ml",https://www.carrefour.es/supermercado/gel-de-ducha-con-sales-minerales-de-agua-termal-la-toja-1-l-la-toja/R-fprod1280531/p
Perfumeria e higiene,Champú y acondicionador 2 en 1 delicado para cabello normal Timotei 750 ml.,"4,00 €","0,53 €/100ml",https://www.carrefour.es/supermercado/champu-y-acondicionador-2-en-1-delicado-para-cabello-normal-timotei-750-ml-timotei/R-801332688/p
Perfumeria e higiene,Compresas normal sin alas Evax Liberty 12 ud.,"2,75 €","0,23 €/ud",https://www.carrefour.es/supermercado/compresas-normal-sin-alas-evax-liberty-12-ud-evax-liberty/R-prod261489/p
Perfumeria e higiene,MASC.TOTAL REPAIR ELVIVE 300,"4,00 €","1,33 €/100ml",https://www.carrefour.es/supermercado/masctotal-repair-elvive-300-loreal-elvive/R-529043223/p
Perfumeria e higiene,Champú anticaspa para cabello graso Les Cosmétiques -Kera Science 400 ml.,"1,58 €","0,39 €/100ml",https://www.carrefour.es/supermercado/champu-anticaspa-para-cabello-graso-les-cosmetiques-kera-science-400-ml-les-cosmetiques-kera-science/R-805726769/p
Perfumeria e higiene,Gel de afeitar Sensitive cool Gillette 200 ml.,"3,70 €","1,85 €/100ml",https://www.carrefour.es/supermercado/gel-de-afeitar-sensitive-cool-gillette-200-ml-gillette/R-prod680011/p
Perfumeria e higiene,Dentífrico Fresh Dentalyss Carrefour 100 ml.,"0,61 €","0,61 €/100ml",https://www.carrefour.es/supermercado/dentifrico-fresh-dentalyss-carrefour-100-ml/R-fprod1470157/p
Perfumeria e higiene,Mascarilla capilar hidra-iso para cabello difícil de alisar Garnier Fructis 300 ml.,"3,80 €","1,27 €/100ml",https://www.carrefour.es/supermercado/mascarilla-capilar-hidra-iso-para-cabello-dificil-de-alisar-garnier-fructis-300-ml-garnier-fructis/R-869702263/p
Perfumeria e higiene,Champú para pelo encrespado o apagado Suave & Liso Pro-V Pantene 360 ml.,"3,51 €","0,97 €/100ml",https://www.carrefour.es/supermercado/champu-para-pelo-encrespado-o-apagado-suave-liso-pro-v-pantene-360-ml-pantene/R-799110704/p
Perfumeria e higiene,Desodorante en en spray Dermo Invisible Sanex 200 ml.,"2,75 €","1,37 €/100ml",https://www.carrefour.es/supermercado/desodorante-en-en-spray-dermo-invisible-sanex-200-ml-sanex/R-713621926/p
Perfumeria e higiene,Champú Romero para cabello graso Les Cosmétiques -Nectar of Beauty 500 ml.,"1,99 €","0,40 €/100ml",https://www.carrefour.es/supermercado/champu-romero-para-cabello-graso-les-cosmetiques-nectar-of-beauty-500-ml-les-cosmetiques-nectar-of-beauty/R-656901781/p
Perfumeria e higiene,Ampollas rescate 1 minuto para cabello teñido o dañado Pantene 3 ud.,"3,75 €","1,25 €/ud",https://www.carrefour.es/supermercado/ampollas-rescate-1-minuto-para-cabello-tenido-o-danado-pantene-3-ud-pantene/R-710412608/p
Perfumeria e higiene,Espuma de Afeitar Sensitive Nivea Men 200 ml.,"2,80 €","1,40 €/100ml",https://www.carrefour.es/supermercado/espuma-de-afeitar-sensitive-nivea-men-200-ml-nivea-men/R-521000801/p
Perfumeria e higiene,Gel de ducha Creme Care Nivea 750 ml.,"3,15 €","0,13 €/ud",https://www.carrefour.es/supermercado/gel-de-ducha-creme-care-nivea-750-ml-nivea/R-825813084/p
Perfumeria e higiene,Desodorante en spray anti manchas blancas con piedra de alumbre Natur Protect Sanex 200 ml.,"2,50 €","1,25 €/100ml",https://www.carrefour.es/supermercado/desodorante-en-spray-anti-manchas-blancas-con-piedra-de-alumbre-natur-protect-sanex-200-ml-sanex/R-prod64113/p
Perfumeria e higiene,Gel de ducha Glicerina Carrefour 750 ml.,"1,24 €","0,17 €/100ml",https://www.carrefour.es/supermercado/gel-de-ducha-glicerina-carrefour-750-ml-carrefour/R-prod1070621/p
Perfumeria e higiene,Desenredante en spray Carrefour Kids 200 ml.,"1,32 €","0,66 €/100ml",https://www.carrefour.es/supermercado/desenredante-en-spray-carrefour-kids-200-ml-carrefour-kids/R-750404457/p
Perfumeria e higiene,Tampones compact super + con aplicador Carrefour 20 ud.,"1,56 €","0,08 €/ud",https://www.carrefour.es/supermercado/tampones-compact-super-con-aplicador-carrefour-20-ud-carrefour/R-789471594/p
Perfumeria e higiene,Enjuague bucal menta suave zero Listerine 1l.,"8,97 €","0,90 €/100ml",https://www.carrefour.es/supermercado/enjuague-bucal-menta-suave-zero-listerine-1l-listerine/R-867102841/p
Perfumeria e higiene,Champú Camomila Reflejos Dorados para cabello rubio/castaño claro Timotei 400 ml.,"2,95 €","0,74 €/100ml",https://www.carrefour.es/supermercado/champu-camomila-reflejos-dorados-para-cabello-rubio-castano-claro-timotei-400-ml-timotei/R-521015444/p
Perfumeria e higiene,Desodorante roll-on extreme sin perfume 72h Byly 50 ml.,"1,87 €","3,74 €/100ml",https://www.carrefour.es/supermercado/desodorante-roll-on-extreme-sin-perfume-72h-byly-50-ml-byly/R-665101823/p
Perfumeria e higiene,Protegeslip higiene mujer íntima Carefree 48 ud.,"2,50 €","0,05 €/ud",https://www.carrefour.es/supermercado/protegeslip-higiene-mujer-intima-carefree-48-ud-carefree/R-521000548/p
Perfumeria e higiene,Compresas para pérdidas de orina normal Ausonia Discreet 24 ud.,"6,35 €","0,26 €/ud",https://www.carrefour.es/supermercado/compresas-para-perdidas-de-orina-normal-ausonia-discreet-24-ud-ausonia-discreet/R-814300905/p
Perfumeria e higiene,Champú anticaspa Prevención Caída H&S 700 ml.,"6,82 €","0,97 €/100ml",https://www.carrefour.es/supermercado/champu-anticaspa-prevencion-caida-hs-700-ml-hs/R-764119639/p
Perfumeria e higiene,Champú fortificante fuerza y brillo para cabello normal Ganier Fructis 690 ml.,"5,95 €","0,86 €/100ml",https://www.carrefour.es/supermercado/champu-fortificante-fuerza-y-brillo-para-cabello-normal-ganier-fructis-690-ml/R-fprod1460455/p
Perfumeria e higiene,BODY M.REAF Q10 P.SECA NIVE400,"5,10 €","1,27 €/100ml",https://www.carrefour.es/supermercado/body-mreaf-q10-pseca-nive400-nivea-q10/R-546102162/p
Perfumeria e higiene,Maquinilla para mujer con toque de aloe Venus Oceana Guillte 4 ud.,"6,55 €","2,18 €/ud",https://www.carrefour.es/supermercado/maquinilla-para-mujer-con-toque-de-aloe-venus-oceana-guillte-4-ud-gillette/R-530363076/p
Perfumeria e higiene,Gel íntimo piel Sana Instituto Español 300 ml.,"2,39 €","0,80 €/100ml",https://www.carrefour.es/supermercado/gel-intimo-piel-sana-instituto-espanol-300-ml-instituto-espanol/R-835176173/p
Perfumeria e higiene,Gel de ducha cremoso vainilla Palmolive Gourmet 500 ml.,"3,00 €","0,60 €/100ml",https://www.carrefour.es/supermercado/gel-de-ducha-cremoso-vainilla-palmolive-gourmet-500-ml-palmolive/R-prod100346/p
Perfumeria e higiene,Gel fijador 'Perfect Fix 24h' extrafuerte Giorgi 150 ml.,"2,50 €","1,67 €/100ml",https://www.carrefour.es/supermercado/gel-fijador-perfect-fix-24h-extrafuerte-giorgi-150-ml-giorgi/R-520663466/p
Perfumeria e higiene,Compresas finas Teen Cotton Sensation con alas Carrefour 14 ud.,"1,34 €","0,10 €/ud",https://www.carrefour.es/supermercado/compresas-finas-teen-cotton-sensation-con-alas-carrefour-14-ud-carrefour/R-720311659/p
Perfumeria e higiene,Compresas para pérdidas de orina mini Ausonia Discreet 20 ud.,"3,40 €","0,17 €/ud",https://www.carrefour.es/supermercado/compresas-para-perdidas-de-orina-mini-ausonia-discreet-20-ud-ausonia-discreet/R-814300969/p
Perfumeria e higiene,Compresas normal Sensitive Ausonia 12 ud.,"1,73 €","0,14 €/ud",https://www.carrefour.es/supermercado/compresas-normal-sensitive-ausonia-12-ud-ausonia/R-651302444/p
Perfumeria e higiene,DUP DEO DOVE AERO INVISIB2X200,"4,85 €","1,21 €/100ml",https://www.carrefour.es/supermercado/dup-deo-dove-aero-invisib2x200-dove/R-618801793/p
Perfumeria e higiene,Gel de ducha argán Carrefour 750 ml.,"1,25 €","0,17 €/100ml",https://www.carrefour.es/supermercado/gel-de-ducha-argan-carrefour-750-ml-carrefour/R-prod1070629/p
Perfumeria e higiene,Desodorante en spray Apollo Axe pack de 2 unidades de 150 ml.,"4,00 €","1,33 €/100ml",https://www.carrefour.es/supermercado/desodorante-en-spray-apollo-axe-pack-de-2-unidades-de-150-ml-axe/R-757607331/p
Perfumeria e higiene,Champú anticaspa Pantene 700 ml.,"5,87 €","0,84 €/100ml",https://www.carrefour.es/supermercado/champu-anticaspa-pantene-700-ml-pantene/R-797608300/p
Perfumeria e higiene,Cepillo de dientes triple acción medio Colgate 1 ud.,"1,49 €","1,49 €/ud",https://www.carrefour.es/supermercado/cepillo-de-dientes-triple-accion-medio-colgate-1-ud-colgate/R-801637312/p
Perfumeria e higiene,Mascarilla capilar hidratación intensa Tresemmé 500 ml.,"5,00 €","1,00 €/100ml",https://www.carrefour.es/supermercado/mascarilla-capilar-hidratacion-intensa-tresemme-500-ml-tresemme/R-520663357/p
Perfumeria e higiene,Desodorante roll-on tropical MotionSense Rexona 50 ml.,"2,69 €","3,88 €/100ml",https://www.carrefour.es/supermercado/desodorante-roll-on-tropical-motionsense-rexona-50-ml-rexona/R-652500495/p
Perfumeria e higiene,Dentífrico Antiplaca Amarillo Duplo Binaca pack de 2 unidades de 75 ml.,"1,33 €","1,79 €/100ml",https://www.carrefour.es/supermercado/dentifrico-antiplaca-amarillo-duplo-binaca-pack-de-2-unidades-de-75-ml-binaca/R-521028429/p
Perfumeria e higiene,Crema de manos reparadora secas y dañadas Carrefour 100 ml.,"3,30 €","1,33 €/100ml",https://www.carrefour.es/supermercado/crema-de-manos-reparadora-secas-y-danadas-carrefour-100-ml-carrefour/R-815722675/p
Perfumeria e higiene,Champú purificante con arcilla suave y limón Original Remedies 300 ml.,"7,30 €","1,10 €/100ml",https://www.carrefour.es/supermercado/champu-purificante-con-arcilla-suave-y-limon-original-remedies-300-ml-original-remedies/R-prod731487/p
Perfumeria e higiene,Champú fortificante arginina resist x3 para cabello frágil L'Oréal-Elvive 690 ml.,"4,72 €","1,06 €/100ml",https://www.carrefour.es/supermercado/champu-fortificante-arginina-resist-x3-para-cabello-fragil-loreal-elvive-690-ml/R-fprod1460493/p
Perfumeria e higiene,Maquinillas desechables para hombre 2 hojas 10 ud.,"0,90 €","0,09 €/ud",https://www.carrefour.es/supermercado/maquinillas-desechables-para-hombre-2-hojas-10-ud/R-VC4AECOMM-447846/p
Perfumeria e higiene,Desodorante en spray Black&White Invisible Original Nivea Men 250 ml.,"2,62 €","1,05 €/100ml",https://www.carrefour.es/supermercado/desodorante-en-spray-blackwhite-invisible-original-nivea-men-250-ml-nivea-men/R-fprod1190531/p
Perfumeria e higiene,Gel de ducha con aceite de oliva Babaria 600 ml.,"1,07 €","0,18 €/100ml",https://www.carrefour.es/supermercado/gel-de-ducha-con-aceite-de-oliva-babaria-600-ml-babaria/R-795705084/p
Perfumeria e higiene,Esponja exfoliante Carrefour 1 ud.,"0,99 €","0,99 €/ud",https://www.carrefour.es/supermercado/esponja-exfoliante-carrefour-1-ud-carrefour/R-fprod1280612/p
Perfumeria e higiene,Champú Fresco y Fuerte para cabello normale Timotei 750 ml.,"4,00 €","0,53 €/100ml",https://www.carrefour.es/supermercado/champu-fresco-y-fuerte-para-cabello-normale-timotei-750-ml-timotei/R-713822808/p
Perfumeria e higiene,Toallitas higiénicas para adultos Absodys Carrefour 64 ud.,"4,23 €","0,06 €/ud",https://www.carrefour.es/supermercado/toallitas-higienicas-para-adultos-absodys-carrefour-64-ud-carrefour/R-835752379/p
Perfumeria e higiene,Champú anticaspa para cabello normal Les Cosmétiques -Kera Science 400 ml.,"1,58 €","0,39 €/100ml",https://www.carrefour.es/supermercado/champu-anticaspa-para-cabello-normal-les-cosmetiques-kera-science-400-ml-les-cosmetiques-kera-science/R-805726767/p
Perfumeria e higiene,Desodorante stick classic Tulipán Negro 75 ml.,"2,15 €","2,15 €/100ml",https://www.carrefour.es/supermercado/desodorante-stick-classic-tulipan-negro-75-ml-tulipan-negro/R-704404269/p
Perfumeria e higiene,Desodorante en spray para pieles sensibles y delicadas Lactovit 200 ml.,"2,29 €","1,14 €/100ml",https://www.carrefour.es/supermercado/desodorante-en-spray-para-pieles-sensibles-y-delicadas-lactovit-200-ml-lactovit/R-520664885/p
Perfumeria e higiene,Protegeslip normal Ausonia 40 ud.,"1,80 €","0,04 €/ud",https://www.carrefour.es/supermercado/protegeslip-normal-ausonia-40-ud-ausonia/R-prod731539/p
Perfumeria e higiene,Dentífrico con flúor y calcio maximum protection caries kids menta suave Colgate 50 ml,"2,40 €","4,80 €/100ml",https://www.carrefour.es/supermercado/dentifrico-con-fluor-y-calcio-maximum-protection-caries-kids-menta-suave-colgate-50-ml-colgate/R-789830552/p
Perfumeria e higiene,Enjuague bucal para encías sensibles sin alcohol Licor del Polo 500 ml.,"4,35 €","0,87 €/100ml",https://www.carrefour.es/supermercado/enjuague-bucal-para-encias-sensibles-sin-alcohol-licor-del-polo-500-ml-licor-del-polo/R-686701726/p
Perfumeria e higiene,Mascarilla hidratante revitalizante Hydra Bomb Garnier-Skin Active 1 ud.,"2,30 €","2,30 €/ud",https://www.carrefour.es/supermercado/mascarilla-hidratante-revitalizante-hydra-bomb-garnier-skin-active-1-ud-garnier-skin-active/R-852200370/p
Perfumeria e higiene,Mascarilla capilar Adiós Daños para cabello dañado Garnier Fructis 300 ml.,"3,80 €","1,27 €/100ml",https://www.carrefour.es/supermercado/mascarilla-capilar-adios-danos-para-cabello-danado-garnier-fructis-300-ml-garnier-fructis/R-869702273/p
Perfumeria e higiene,Compresas incontinencia normal Absodys Carrefour 24 ud.,"3,99 €","0,17 €/ud",https://www.carrefour.es/supermercado/compresas-incontinencia-normal-absodys-carrefour-24-ud-carrefour/R-702506785/p
Perfumeria e higiene,Champú anticaspa Suprême hidrata con aceite de argán H&S 300 ml.,"4,05 €","1,35 €/100ml",https://www.carrefour.es/supermercado/champu-anticaspa-suprme-hidrata-con-aceite-de-argan-hs-300-ml-hs/R-prod650173/p
Perfumeria e higiene,Dentífrico blanqueador optic Max White Colgate 75 ml.,"2,85 €","3,80 €/100ml",https://www.carrefour.es/supermercado/dentifrico-blanqueador-optic-max-white-colgate-75-ml-colgate/R-795756941/p
Perfumeria e higiene,Bandas depilatorias corporales de cera fría con aloe vera Carrefour 20 ud.,"1,68 €","0,08 €/ud",https://www.carrefour.es/supermercado/bandas-depilatorias-corporales-de-cera-fria-con-aloe-vera-carrefour-20-ud-carrefour/R-820613988/p
Perfumeria e higiene,Enjuague bucal blanqueador expert Max White Colgate 500 ml.,"4,25 €","0,85 €/100ml",https://www.carrefour.es/supermercado/enjuague-bucal-blanqueador-expert-max-white-colgate-500-ml-colgate/R-826752052/p
Perfumeria e higiene,Gel de ducha oliva Carrefour 750 ml.,"1,24 €","0,17 €/100ml",https://www.carrefour.es/supermercado/gel-de-ducha-oliva-carrefour-750-ml-carrefour/R-prod1070655/p
Perfumeria e higiene,"Mascarilla intensiva violeta para pelo con mechas, rubio, gris y bases oscuras color vive L'Oréal-Elvive 250 ml.","4,80 €","1,92 €/100ml",https://www.carrefour.es/supermercado/mascarilla-intensiva-violeta-para-pelo-con-mechas-rubio-gris-y-bases-oscuras-color-vive-loreal-elvive-250-ml/R-VC4AECOMM-443630/p
Perfumeria e higiene,"Gel de ducha frescor azul refrescante perfume duradero para todo tipo de piel Carrefour 1,5 l.","1,42 €","0,09 €/100ml",https://www.carrefour.es/supermercado/gel-de-ducha-frescor-azul-refrescante-perfume-duradero-para-todo-tipo-de-piel-carrefour-1-5-l/R-VC4AECOMM-447832/p
Perfumeria e higiene,Gel de baño para el cuidado de pieles atópicas secas y sensibles Instituto Español 500 ml.,"4,10 €","0,82 €/100ml",https://www.carrefour.es/supermercado/gel-de-bano-para-el-cuidado-de-pieles-atopicas-secas-y-sensibles-instituto-espanol-500-ml-instituto-espanol/R-540201924/p
Perfumeria e higiene,Champú Hidrata Leche de coco renew ecológico Herbal Essences 400 ml.,"3,99 €","1,00 €/100ml",https://www.carrefour.es/supermercado/champu-hidrata-leche-de-coco-renew-ecologico-herbal-essences-400-ml-herbal-essences/R-prod650088/p
Perfumeria e higiene,Maquinillas desechables Gillette 16 ud.,"3,30 €","0,82 €/ud",https://www.carrefour.es/supermercado/maquinillas-desechables-gillette-16-ud/R-fprod1470255/p
Perfumeria e higiene,Dentífrico limpieza avanzada Encias & Esmalte Repair Oral-B 75 ml.,"4,05 €","4,40 €/100ml",https://www.carrefour.es/supermercado/dentifrico-limpieza-avanzada-encias-esmalte-repair-oral-b-75-ml-oral-b/R-prod650129/p
Perfumeria e higiene,Champú reflejos dorados para cabello rubio o con mechas Timotei 750 ml.,"7,10 €","0,54 €/100ml",https://www.carrefour.es/supermercado/champu-reflejos-dorados-para-cabello-rubio-o-con-mechas-timotei-750-ml-timotei/R-801332685/p
Perfumeria e higiene,Preservativos sensitivo suave Durex 12 ud.,"4,00 €","0,59 €/ud",https://www.carrefour.es/supermercado/preservativos-sensitivo-suave-durex-12-ud/R-VC4AECOMM-487580/p
Perfumeria e higiene,"Champú anticaspa Suave&Sedoso para cabello seco, dañado o encrespado H&S 360 ml.","3,70 €","1,11 €/100ml",https://www.carrefour.es/supermercado/champu-anticaspa-suavesedoso-para-cabello-seco-danado-o-encrespado-hs-360-ml-hs/R-823818620/p
Perfumeria e higiene,Acondicionador fortilizante nutre & define aceite de pistacho para cabello rizado u ondulado Ganier Fructis 300 ml.,"4,15 €","1,23 €/100ml",https://www.carrefour.es/supermercado/acondicionador-fortilizante-nutre-define-aceite-de-pistacho-para-cabello-rizado-u-ondulado-ganier-fructis-300-ml/R-fprod1460511/p
Perfumeria e higiene,Dentífrico para dientes sensibles Acción Completa Sensodyne 75 ml.,"3,00 €","5,53 €/100ml",https://www.carrefour.es/supermercado/dentifrico-para-dientes-sensibles-accion-completa-sensodyne-75-ml-sensodyne/R-731184218/p
Perfumeria e higiene,Laca volume creation Pro-V Pantene 300 ml.,"2,75 €","1,00 €/100ml",https://www.carrefour.es/supermercado/laca-volume-creation-pro-v-pantene-300-ml-pantene/R-636701723/p
Perfumeria e higiene,Desodorante stick dermo protector Sanex 65 ml.,"6,82 €","4,23 €/100ml",https://www.carrefour.es/supermercado/desodorante-stick-dermo-protector-sanex-65-ml-sanex/R-760407095/p
Perfumeria e higiene,Champú anticaspa 2 en 1 classic para cabello normal H&S 700 ml.,"1,82 €","0,97 €/100ml",https://www.carrefour.es/supermercado/champu-anticaspa-2-en-1-classic-para-cabello-normal-hs-700-ml-hs/R-764119637/p
Perfumeria e higiene,Dentífrico 2 en 1 Junior menta suave Licor del Polo 75 ml.,"1,45 €","2,43 €/100ml",https://www.carrefour.es/supermercado/dentifrico-2-en-1-junior-menta-suave-licor-del-polo-75-ml-licor-del-polo/R-663701851/p
Perfumeria e higiene,Agua de colonia familiar lavanda Carrefour 750 ml.,"2,45 €","0,19 €/100ml",https://www.carrefour.es/supermercado/agua-de-colonia-familiar-lavanda-carrefour-750-ml-carrefour/R-707206400/p
Perfumeria e higiene,Agua de colonia original Heno De Pravia 780 ml.,"4,00 €","0,38 €/100ml",https://www.carrefour.es/supermercado/agua-de-colonia-original-heno-de-pravia-780-ml-heno-de-pravia/R-540201842/p
Perfumeria e higiene,Acondicionador nutritivo aceite de flores preciosas para pelo seco L'Oréal-Elvive 300 ml.,"2,85 €","1,33 €/100ml",https://www.carrefour.es/supermercado/acondicionador-nutritivo-aceite-de-flores-preciosas-para-pelo-seco-loreal-elvive-300-ml-loreal-elvive/R-prod820349/p
Perfumeria e higiene,Desodorante en spray tropical Rexona 250 ml.,"2,10 €","1,14 €/100ml",https://www.carrefour.es/supermercado/desodorante-en-spray-tropical-rexona-250-ml-rexona/R-fprod1180109/p
Perfumeria e higiene,Dentífrico original 12h de protección completa Colgate Total 50 ml.,"3,80 €","4,20 €/100ml",https://www.carrefour.es/supermercado/dentifrico-original-12h-de-proteccion-completa-colgate-total-50-ml-colgate/R-prod1070233/p
Perfumeria e higiene,Mascarilla capilar reconstitución intensa Tesoros de Miel Original Remedies 300 ml.,"2,09 €","1,27 €/100ml",https://www.carrefour.es/supermercado/mascarilla-capilar-reconstitucion-intensa-tesoros-de-miel-original-remedies-300-ml-original-remedies/R-801580337/p
Perfumeria e higiene,Desodorante roll-on para hombre Cobalt anti-transpirante Rexona 50 ml.,"2,08 €","4,18 €/100ml",https://www.carrefour.es/supermercado/desodorante-roll-on-para-hombre-cobalt-anti-transpirante-rexona-50-ml-rexona/R-520664738/p
Perfumeria e higiene,Gel de ducha de Té Verde Natural Honey 650 ml.,"1,95 €","0,32 €/100ml",https://www.carrefour.es/supermercado/gel-de-ducha-de-te-verde-natural-honey-650-ml-natural-honey/R-521008054/p
Perfumeria e higiene,Crema corporal hidratante 10% Urea Carrefour 400 ml.,"3,00 €","0,49 €/100ml",https://www.carrefour.es/supermercado/crema-corporal-hidratante-10-urea-carrefour-400-ml-carrefour/R-fprod1470239/p
Perfumeria e higiene,Espuma para rizos naturales Pro-V Pantene 250 ml.,"2,15 €","1,20 €/100ml",https://www.carrefour.es/supermercado/espuma-para-rizos-naturales-pro-v-pantene-250-ml-pantene/R-804987751/p
Perfumeria e higiene,Jabón de manos con leche y miel Palmolive 300 ml.,"3,11 €","0,72 €/100ml",https://www.carrefour.es/supermercado/jabon-de-manos-con-leche-y-miel-palmolive-300-ml-nb-palmolive/R-684204122/p
Perfumeria e higiene,Desodorante en spray active control men Sanex 200 ml.,"4,00 €","1,55 €/100ml",https://www.carrefour.es/supermercado/desodorante-en-spray-active-control-men-sanex-200-ml-sanex/R-522713613/p
Perfumeria e higiene,Desodorante en spray 24h pulpa de granada Les Cosmétiques Nectar of Beauty 200 ml.,"1,61 €","0,80 €/100ml",https://www.carrefour.es/supermercado/desodorante-en-spray-24h-pulpa-de-granada-les-cosmetiques-nectar-of-beauty-200-ml-les-cosmetiques-nectar-of-beauty/R-805505185/p
Perfumeria e higiene,Gel de ducha Almendras Carrefour 750 ml.,"1,24 €","0,17 €/100ml",https://www.carrefour.es/supermercado/gel-de-ducha-almendras-carrefour-750-ml-carrefour/R-prod1070651/p
Perfumeria e higiene,Toallitas íntimas Scottex 25 ud.,"2,05 €","0,08 €/ud",https://www.carrefour.es/supermercado/toallitas-intimas-scottex-25-ud-scottex/R-prod840906/p
Perfumeria e higiene,Champú fresa para niños Carrefour Kids 300 ml.,"1,65 €","0,55 €/100ml",https://www.carrefour.es/supermercado/champu-fresa-para-ninos-carrefour-kids-300-ml-carrefour-kids/R-768101395/p
Perfumeria e higiene,PACK CEPILLO MEDIUM CRF 4 UND,"1,24 €","0,31 €/ud",https://www.carrefour.es/supermercado/pack-cepillo-medium-crf-4-und-carrefour/R-526414129/p
Perfumeria e higiene,Dentifrico frescor con agua de menta Carrefour Soft Bio 75 ml.,"2,10 €","2,80 €/100ml",https://www.carrefour.es/supermercado/dentifrico-frescor-con-agua-de-menta-carrefour-soft-bio-75-ml/R-VC4AECOMM-446661/p
Perfumeria e higiene,Recambio fusion proglide manual Gillette 4 ud.,"17,20 €","4,30 €/ud",https://www.carrefour.es/supermercado/recambio-fusion-proglide-manual-gillette-4-ud-gillette/R-596801515/p
Perfumeria e higiene,Maquinilla de afeitar desechable Blue II Plus Gillette 15 ud.,"7,30 €","0,49 €/ud",https://www.carrefour.es/supermercado/maquinilla-de-afeitar-desechable-blue-ii-plus-gillette-15-ud-gillette/R-521000898/p
Perfumeria e higiene,Compresas con alas normal 100% algodón orgánico Ausonia 12 ud.,"3,20 €","0,27 €/ud",https://www.carrefour.es/supermercado/compresas-con-alas-normal-100-algodon-organico-ausonia-12-ud-ausonia/R-fprod1410133/p
Perfumeria e higiene,Desodorante en spray algodón Rexona pack de 2 unidades de 200 ml.,"4,37 €","1,09 €/100ml",https://www.carrefour.es/supermercado/desodorante-en-spray-algodon-rexona-pack-de-2-unidades-de-200-ml-rexona/R-789471592/p
Perfumeria e higiene,Dentífrico infantil animal gang +3 años Colgate 50 ml.,"2,10 €","4,20 €/100ml",https://www.carrefour.es/supermercado/dentifrico-infantil-animal-gang-3-anos-colgate-50-ml-colgate/R-845100672/p
Perfumeria e higiene,Champú purifica & hidrata para cabellos grasos Tresemmé 685 ml.,"4,95 €","0,72 €/100ml",https://www.carrefour.es/supermercado/champu-purifica-hidrata-para-cabellos-grasos-tresemme-685-ml/R-VC4AECOMM-479924/p
Perfumeria e higiene,Gel piel sensible Gillette 200 ml.,"2,65 €","1,32 €/100ml",https://www.carrefour.es/supermercado/gel-piel-sensible-gillette-200-ml-gillette/R-521000829/p
Perfumeria e higiene,Gel de ducha creme Soft Nivea 750 ml.,"3,15 €","0,42 €/100ml",https://www.carrefour.es/supermercado/gel-de-ducha-creme-soft-nivea-750-ml-nivea/R-526413475/p
Perfumeria e higiene,Preservativos finissimo original Control 12 ud.,"7,15 €","0,60 €/ud",https://www.carrefour.es/supermercado/preservativos-finissimo-original-control-12-ud-control/R-530363302/p
Perfumeria e higiene,Dentífrico sensibilidad y encías Sensodyne 75 ml.,"4,15 €","5,53 €/100ml",https://www.carrefour.es/supermercado/dentifrico-sensibilidad-y-encias-sensodyne-75-ml-sensodyne/R-prod1020161/p
Perfumeria e higiene,Discos desmaquillantes cuidado facial Carrefour 80 ud.,"1,36 €","0,02 €/ud",https://www.carrefour.es/supermercado/discos-desmaquillantes-cuidado-facial-carrefour-80-ud-carrefour/R-521010800/p
Perfumeria e higiene,Cepillo dental duro con cerdas cruzadas Carrefour 2 ud.,"0,99 €","0,49 €/ud",https://www.carrefour.es/supermercado/cepillo-dental-duro-con-cerdas-cruzadas-carrefour-2-ud-carrefour/R-521035532/p
Perfumeria e higiene,Protegeslip flexiform Carefree 30 ud.,"1,89 €","0,06 €/ud",https://www.carrefour.es/supermercado/protegeslip-flexiform-carefree-30-ud-carefree/R-843700408/p
Perfumeria e higiene,Desodorante roll-on Invisible Dry Dove pack de 2 unidades de 50 ml.,"3,15 €","3,15 €/100ml",https://www.carrefour.es/supermercado/desodorante-roll-on-invisible-dry-dove-pack-de-2-unidades-de-50-ml-dove/R-839100363/p
Perfumeria e higiene,Champú ultra nutritiva banana Garnier 350 ml.,"4,90 €","1,40 €/100ml",https://www.carrefour.es/supermercado/champu-ultra-nutritiva-banana-garnier-350-ml/R-VC4AECOMM-442983/p
Perfumeria e higiene,Dentífrico expert + herbal 10 en 1 Dentalyss 75 ml.,"0,61 €","0,81 €/100ml",https://www.carrefour.es/supermercado/dentifrico-expert-herbal-10-en-1-dentalyss-75-ml-dentalyss/R-fprod1470187/p
Perfumeria e higiene,Quitaesmalte suave sin acetona Carrefour 200 ml.,"1,40 €","0,70 €/100ml",https://www.carrefour.es/supermercado/quitaesmalte-suave-sin-acetona-carrefour-200-ml-carrefour/R-785317932/p
Perfumeria e higiene,Desodorante en spray Natural 24h. Heno de Pravia 200 ml.,"2,59 €","1,29 €/100ml",https://www.carrefour.es/supermercado/desodorante-en-spray-natural-24h-heno-de-pravia-200-ml-heno-de-pravia/R-521000155/p
Perfumeria e higiene,Dentífrico blanco polar Licor del Polo pack de 2 unidades de 75 ml.,"3,30 €","2,20 €/100ml",https://www.carrefour.es/supermercado/dentifrico-blanco-polar-licor-del-polo-pack-de-2-unidades-de-75-ml-licor-del-polo/R-521028437/p
Perfumeria e higiene,Acondicionador rizos definidos Pantene 675 ml.,"6,82 €","1,01 €/100ml",https://www.carrefour.es/supermercado/acondicionador-rizos-definidos-pantene-675-ml-pantene/R-730701866/p
Perfumeria e higiene,Agua de colonia Classic Fresh S3 750 ml.,"3,45 €","0,46 €/100ml",https://www.carrefour.es/supermercado/agua-de-colonia-classic-fresh-s3-750-ml-s3/R-520663729/p
Perfumeria e higiene,Champú Purificante Fresa blanca & menta dulce bío:renew Herbal Essences 400 ml.,"3,99 €","1,00 €/100ml",https://www.carrefour.es/supermercado/champu-purificante-fresa-blanca-menta-dulce-biorenew-herbal-essences-400-ml-herbal-essences/R-prod650107/p
Perfumeria e higiene,Preservativos natural Durex 12 ud.,"6,40 €","0,53 €/ud",https://www.carrefour.es/supermercado/preservativos-natural-durex-12-ud/R-VC4AECOMM-487635/p
Perfumeria e higiene,Champú hidratante aloe vera Garnier 350 ml.,"4,95 €","1,41 €/100ml",https://www.carrefour.es/supermercado/champu-hidratante-aloe-vera-garnier-350-ml/R-VC4AECOMM-442957/p
Perfumeria e higiene,Desodorante en spray zero % respect & control men Sanex 200 ml.,"2,96 €","1,48 €/100ml",https://www.carrefour.es/supermercado/desodorante-en-spray-zero-respect-control-men-sanex-200-ml-sanex-men/R-829518801/p
Perfumeria e higiene,Champú suave ecológico Natura Instituto Español 500 ml.,"4,60 €","0,92 €/100ml",https://www.carrefour.es/supermercado/champu-suave-ecologico-natura-instituto-espanol-500-ml-instituto-espanol/R-prod1130362/p
Perfumeria e higiene,Desodorante roll-on unisex Lactovit 50 ml.,"1,72 €","3,44 €/100ml",https://www.carrefour.es/supermercado/desodorante-roll-on-unisex-lactovit-50-ml-lactovit/R-520664867/p
Perfumeria e higiene,Acondicionador para pelos dañados Repara & Protege 3 minutos Pro-V Pantene 200 ml.,"4,10 €","2,05 €/100ml",https://www.carrefour.es/supermercado/acondicionador-para-pelos-danados-repara-protege-3-minutos-pro-v-pantene-200-ml-pantene/R-prod381869/p
Perfumeria e higiene,Espuma de afeitar Sensitive cool Gillette 200 ml.,"2,40 €","0,96 €/100ml",https://www.carrefour.es/supermercado/espuma-de-afeitar-sensitive-cool-gillette-200-ml-gillette/R-prod680009/p
Perfumeria e higiene,Gel de ducha en crema con oliva y leche NB Palmolive 600 ml.,"2,50 €","0,42 €/100ml",https://www.carrefour.es/supermercado/gel-de-ducha-en-crema-con-oliva-y-leche-nb-palmolive-600-ml-nb-palmolive/R-529043331/p
Perfumeria e higiene,Champú fortificante nutri rizos para cabellos rizado u ondulado Garnier Fructis 690 ml.,"5,95 €","0,86 €/100ml",https://www.carrefour.es/supermercado/champu-fortificante-nutri-rizos-para-cabellos-rizado-u-ondulado-garnier-fructis-690-ml/R-fprod1460453/p
Perfumeria e higiene,Aceite corporal aloe vera Carrefour 400 ml.,"1,65 €","0,41 €/100ml",https://www.carrefour.es/supermercado/aceite-corporal-aloe-vera-carrefour-400-ml/R-VC4AECOMM-423607/p
Perfumeria e higiene,Gel de ducha cuidado hidratante aloe vera y agua de abedul Dove 750 ml.,"3,60 €","0,48 €/100ml",https://www.carrefour.es/supermercado/gel-de-ducha-cuidado-hidratante-aloe-vera-y-agua-de-abedul-dove-750-ml/R-VC4AECOMM-488294/p
Perfumeria e higiene,Loción intensiva corporal para pieles extra seca Dove 400 ml.,"4,05 €","1,01 €/100ml",https://www.carrefour.es/supermercado/locion-intensiva-corporal-para-pieles-extra-seca-dove-400-ml-dove/R-520664350/p
Perfumeria e higiene,Seda dental total pro encías sanas interdental Colgate 50 metros.,"3,05 €","3,05 €/ud",https://www.carrefour.es/supermercado/seda-dental-total-pro-encias-sanas-interdental-colgate-50-metros-colgate/R-526104381/p
Perfumeria e higiene,Mascarilla capilar regeneradora Les Cosmétiques Kera Science 300 ml.,"1,60 €","0,53 €/100ml",https://www.carrefour.es/supermercado/mascarilla-capilar-regeneradora-les-cosmetiques-kera-science-300-ml-les-cosmetiques-kera-science/R-657701793/p
Perfumeria e higiene,Champú anticaspa + acondicionador Classic XXL H&S 1 l.,"10,15 €","1,02 €/100ml",https://www.carrefour.es/supermercado/champu-anticaspa-acondicionador-classic-xxl-hs-1-l-hs/R-prod1100039/p
Perfumeria e higiene,Leche corporal hidratante con aceite de oliva para piel seca Nivea 400 ml.,"3,05 €","0,76 €/100ml",https://www.carrefour.es/supermercado/leche-corporal-hidratante-con-aceite-de-oliva-para-piel-seca-nivea-400-ml-nivea/R-571301503/p
Perfumeria e higiene,Desodorante roll-on anti irritaciones Lactovit 50 ml.,"1,99 €","3,98 €/100ml",https://www.carrefour.es/supermercado/desodorante-roll-on-anti-irritaciones-lactovit-50-ml-lactovit/R-prod731550/p
Perfumeria e higiene,Dentífrico encías revitalizante fortificante Colgate 75 ml.,"4,20 €","5,60 €/100ml",https://www.carrefour.es/supermercado/dentifrico-encias-revitalizante-fortificante-colgate-75-ml/R-VC4AECOMM-443091/p
Perfumeria e higiene,Tinte creme nº 5 Castaño Claro L'Oréal Excellence 1 ud.,"7,95 €","7,95 €/ud",https://www.carrefour.es/supermercado/tinte-creme-n-5-castano-claro-loreal-excellence-1-ud-loreal-excellence/R-520663541/p
Perfumeria e higiene,Jabón de manos para piel sensible zero % Sanex 300 ml.,"2,20 €","0,73 €/100ml",https://www.carrefour.es/supermercado/jabon-de-manos-para-piel-sensible-zero-sanex-300-ml-sanex/R-prod71337/p
Perfumeria e higiene,Dentífrico intensivo 3D White Luxe Oral-B 75 ml.,"3,21 €","4,28 €/100ml",https://www.carrefour.es/supermercado/dentifrico-intensivo-3d-white-luxe-oral-b-75-ml-oral-b/R-fprod1370233/p
Perfumeria e higiene,Dentífrico carbón blanqueador Licor del Polo 75 ml.,"1,68 €","2,24 €/100ml",https://www.carrefour.es/supermercado/dentifrico-carbon-blanqueador-licor-del-polo-75-ml/R-VC4AECOMM-482602/p
Perfumeria e higiene,Dentífrico blanqueador cristales blancos menta Max White Colgate pack de 2 unidades de 75 ml.,"4,65 €","3,10 €/100ml",https://www.carrefour.es/supermercado/dentifrico-blanqueador-cristales-blancos-menta-max-white-colgate-pack-de-2-unidades-de-75-ml/R-VC4AECOMM-497571/p
Perfumeria e higiene,Desodorante roll-on anti manchas blancas con piedra de alumbre Natur Protect 50 ml.,"1,50 €","3,00 €/100ml",https://www.carrefour.es/supermercado/desodorante-roll-on-anti-manchas-blancas-con-piedra-de-alumbre-natur-protect-50-ml-sanex/R-prod64006/p
Perfumeria e higiene,Protegeslip Tanga Carrefour 30 ud.,"1,15 €","0,04 €/ud",https://www.carrefour.es/supermercado/protegeslip-tanga-carrefour-30-ud-carrefour/R-prod80887/p
Perfumeria e higiene,Champú reconstructor para pelo largo y dañado dream long L'Oréal Elvive 690 ml.,"7,30 €","1,06 €/100ml",https://www.carrefour.es/supermercado/champu-reconstructor-para-pelo-largo-y-danado-dream-long-loreal-elvive-690-ml/R-fprod1460491/p
Perfumeria e higiene,"Sérum antiencrespamiento dream long pelo largo,encrespado L'Oréal-Elvive 100 ml.","5,15 €","5,15 €/100ml",https://www.carrefour.es/supermercado/serum-antiencrespamiento-dream-long-pelo-largo-encrespado-loreal-elvive-100-ml/R-VC4AECOMM-443628/p
Perfumeria e higiene,Desodorante en spray invisible for black & white Nivea men pack de 2 unidades de 200 ml.,"5,10 €","1,27 €/100ml",https://www.carrefour.es/supermercado/desodorante-en-spray-invisible-for-black-white-nivea-men-pack-de-2-unidades-de-200-ml/R-prod1070226/p
Perfumeria e higiene,Colutorio 3D White Luxe Brillo Seductor Menta Fresca Oral-B 500 ml.,"4,63 €","0,93 €/100ml",https://www.carrefour.es/supermercado/colutorio-3d-white-luxe-brillo-seductor-menta-fresca-oral-b-500-ml-oral-b/R-823819031/p
Perfumeria e higiene,Recambio cepillo dental eléctrico Cross Action Oral-B 2 ud.,"12,45 €","6,22 €/ud",https://www.carrefour.es/supermercado/recambio-cepillo-dental-electrico-cross-action-oral-b-2-ud-oral-b/R-782678404/p
Perfumeria e higiene,Champú repara & fortalece con biotina & pro-bond complex repera 7 años en 1 uso Tresemmé 685 ml.,"5,25 €","0,77 €/100ml",https://www.carrefour.es/supermercado/champu-repara-fortalece-con-biotina-pro-bond-complex-repera-7-anos-en-1-uso-tresemme-685-ml/R-VC4AECOMM-468691/p
Perfumeria e higiene,Mascarilla intensiva 3 en 1 macadamia alisadora para cabello seco y rebelde Garnier Fructis Hair Food 390 ml.,"4,50 €","1,15 €/100ml",https://www.carrefour.es/supermercado/mascarilla-intensiva-3-en-1-macadamia-alisadora-para-cabello-seco-y-rebelde-garnier-fructis-hair-food-390-ml-garnier-fructis/R-prod650224/p
Perfumeria e higiene,Dentífrico niños sin fluor ecológico Neobio 50 ml.,"3,45 €","6,90 €/100ml",https://www.carrefour.es/supermercado/dentifrico-ninos-sin-fluor-ecologico-neobio-50-ml-neobio/R-prod62658/p
Perfumeria e higiene,"Gel de ducha elixir de argan Natural Honey 1,5 l.","3,50 €","0,23 €/100ml",https://www.carrefour.es/supermercado/gel-de-ducha-elixir-de-argan-natural-honey-1-5-l-natural-honey/R-prod371814/p
Perfumeria e higiene,Dentífrico blanqueador carbón Max White Colgate 75 ml.,"3,05 €","4,07 €/100ml",https://www.carrefour.es/supermercado/dentifrico-blanqueador-carbon-max-white-colgate-75-ml-colgate/R-fprod1220104/p
Perfumeria e higiene,Champú anticaspa efecto refrescante Menthol Fresh H&S 700 ml.,"6,82 €","0,97 €/100ml",https://www.carrefour.es/supermercado/champu-anticaspa-efecto-refrescante-menthol-fresh-hs-700-ml-hs/R-764119635/p
Perfumeria e higiene,Mascarilla capilar bálsamo nutritivo aceite extraordinario L'Oréal Elvive 300 ml.,"4,00 €","1,33 €/100ml",https://www.carrefour.es/supermercado/mascarilla-capilar-balsamo-nutritivo-aceite-extraordinario-loreal-elvive-300-ml-loreal-elvive/R-780049107/p
Perfumeria e higiene,Quitaesmalte hidratante Cutex 200 ml.,"2,49 €","1,24 €/100ml",https://www.carrefour.es/supermercado/quitaesmalte-hidratante-cutex-200-ml-cutex/R-521028378/p
Perfumeria e higiene,Champú Repara y Protege 3 en 1 Pantene 675 ml.,"7,25 €","1,07 €/100ml",https://www.carrefour.es/supermercado/champu-repara-y-protege-3-en-1-pantene-675-ml-pantene/R-prod871317/p
Perfumeria e higiene,Compresas extraplana Ausonia 18 ud.,"2,05 €","0,11 €/ud",https://www.carrefour.es/supermercado/compresas-extraplana-ausonia-18-ud-ausonia/R-521000481/p
Perfumeria e higiene,Compresas con alas super Ausonia 12 ud.,"2,00 €","0,17 €/ud",https://www.carrefour.es/supermercado/compresas-con-alas-super-ausonia-12-ud-ausonia/R-866818900/p
Perfumeria e higiene,Mascarilla capilar Reparadora Ultimate Repair para cabello muy dañado Gliss 300 ml.,"3,90 €","1,45 €/100ml",https://www.carrefour.es/supermercado/mascarilla-capilar-reparadora-ultimate-repair-para-cabello-muy-danado-gliss-300-ml-gliss/R-870701777/p
Perfumeria e higiene,ACONDICIONA PANTENE LISO 300ML,"2,35 €","1,30 €/100ml",https://www.carrefour.es/supermercado/acondiciona-pantene-liso-300ml-pantene/R-520663334/p
Perfumeria e higiene,Gel de baño activo hidratante con 10% de urea pura Instituto Español 1250 ml.,"2,30 €","0,18 €/100ml",https://www.carrefour.es/supermercado/gel-de-bano-activo-hidratante-con-10-de-urea-pura-instituto-espanol-1250-ml-instituto-espanol/R-800766432/p
Perfumeria e higiene,Desodorante roll-on dermo 7 in1 protection 24h antitranspirante piel sana Sanex 50 ml.,"1,50 €","3,00 €/100ml",https://www.carrefour.es/supermercado/desodorante-roll-on-dermo-7-in1-protection-24h-antitranspirante-piel-sana-sanex-50-ml-sanex/R-795768779/p
Perfumeria e higiene,Aceite extraordinario tratamiento sublimador del cabello L'Oréal Elvive 100 ml.,"8,70 €","8,70 €/100ml",https://www.carrefour.es/supermercado/aceite-extraordinario-tratamiento-sublimador-del-cabello-loreal-elvive-100-ml-loreal-elvive/R-665402058/p
Perfumeria e higiene,Esponja rizo Carrefour 1 ud.,"0,50 €","0,50 €/ud",https://www.carrefour.es/supermercado/esponja-rizo-carrefour-1-ud-carrefour/R-fprod1280616/p
Perfumeria e higiene,Champú Ultimate Repair para cabello muy dañado Gliss 650 ml.,"10,45 €","0,85 €/100ml",https://www.carrefour.es/supermercado/champu-ultimate-repair-para-cabello-muy-danado-gliss-650-ml-gliss/R-prod60292/p
Perfumeria e higiene,Champú repara y protege para cabellos débil o dañado Pantene 1000 ml.,"3,20 €","1,04 €/100ml",https://www.carrefour.es/supermercado/champu-repara-y-protege-para-cabellos-debil-o-danado-pantene-1000-ml/R-VC4AECOMM-459390/p
Perfumeria e higiene,GEL MAX EXTRAFUERTE GIORGI 250,"1,92 €","1,28 €/100ml",https://www.carrefour.es/supermercado/gel-max-extrafuerte-giorgi-250-giorgi/R-530363642/p
Perfumeria e higiene,Gel hidroalcohólico 70% Sac 100 ml.,"3,45 €","1,92 €/100ml",https://www.carrefour.es/supermercado/gel-hidroalcoholico-70-sac-100-ml/R-VC4AECOMM-505119/p
Perfumeria e higiene,Gel de ducha Frescor de Colonia Natural Honey 1500 ml.,"8,15 €","0,23 €/100ml",https://www.carrefour.es/supermercado/gel-de-ducha-frescor-de-colonia-natural-honey-1500-ml-natural-honey/R-826601298/p
Perfumeria e higiene,Crema facial de día antiarrugas+ firmeza FP15 Q10 Power Nivea 50 ml.,"1,99 €","16,30 €/100ml",https://www.carrefour.es/supermercado/crema-facial-de-dia-antiarrugas-firmeza-fp15-q10-power-nivea-50-ml-nivea/R-520663947/p
Perfumeria e higiene,Jabón de manos en pastilla suave no perfumado ecológico Carrefour 100 g.,"3,00 €","1,99 €/100g",https://www.carrefour.es/supermercado/jabon-de-manos-en-pastilla-suave-no-perfumado-ecologico-carrefour-100-g/R-VC4AECOMM-472097/p
Perfumeria e higiene,Gel de ducha cremoso berry delight Gourmet Palmolive 500 ml.,"3,80 €","0,60 €/100ml",https://www.carrefour.es/supermercado/gel-de-ducha-cremoso-berry-delight-gourmet-palmolive-500-ml-palmolive/R-prod720147/p
Perfumeria e higiene,Mascarilla capilar antiencrespamiento con aceite de aguacate y manteca de karité Garnier Original Remedies 300 ml.,"2,10 €","1,27 €/100ml",https://www.carrefour.es/supermercado/mascarilla-capilar-antiencrespamiento-con-aceite-de-aguacate-y-manteca-de-karite-garnier-original-remedies-300-ml-original-remedies/R-801580331/p
Perfumeria e higiene,Bálsamo labial Original Liposan 1 ud.,"2,10 €","2,10 €/ud",https://www.carrefour.es/supermercado/balsamo-labial-original-liposan-1-ud-liposan/R-521001151/p
Perfumeria e higiene,Vaselina perfumada Gal 15 g.,"2,90 €","2,10 €/ud",https://www.carrefour.es/supermercado/vaselina-perfumada-gal-15-g-gal/R-521001153/p
Perfumeria e higiene,Desodorante en spray extrem protect 72 h Byly 200 ml.,"3,45 €","1,45 €/100ml",https://www.carrefour.es/supermercado/desodorante-en-spray-extrem-protect-72-h-byly-200-ml-byly/R-719204049/p
Perfumeria e higiene,Cepillo dental para dientes sensibles repair & protect suave Sensodyne 1 ud.,"2,10 €","3,45 €/ud",https://www.carrefour.es/supermercado/cepillo-dental-para-dientes-sensibles-repair-protect-suave-sensodyne-1-ud-sensodyne/R-867103121/p
Perfumeria e higiene,Maquinillas desechables para mujer 2 hojas con cabezal pivotante Carrefour 10 ud.,"1,13 €","0,21 €/ud",https://www.carrefour.es/supermercado/maquinillas-desechables-para-mujer-2-hojas-con-cabezal-pivotante-carrefour-10-ud/R-VC4AECOMM-479736/p
Perfumeria e higiene,Esponja de baño desechables Esponjabon 10 ud.,"3,80 €","0,11 €/ud",https://www.carrefour.es/supermercado/esponja-de-bano-desechables-esponjabon-10-ud-esponjabon/R-791826276/p
Perfumeria e higiene,Mascarilla capilar Nutri Repair Butter para cabello muy seco Garnier Fructis 300 ml.,"1,61 €","1,27 €/100ml",https://www.carrefour.es/supermercado/mascarilla-capilar-nutri-repair-butter-para-cabello-muy-seco-garnier-fructis-300-ml-garnier-fructis/R-869702267/p
Perfumeria e higiene,Aceite hidratante BB bajo la ducha Natural Honey 100 ml.,"2,75 €","1,61 €/100ml",https://www.carrefour.es/supermercado/aceite-hidratante-bb-bajo-la-ducha-natural-honey-100-ml-natural-honey/R-870904489/p
Perfumeria e higiene,Cepillo dental Complete medio Oral-B 1 ud.,"1,65 €","2,75 €/ud",https://www.carrefour.es/supermercado/cepillo-dental-complete-medio-oral-b-1-ud-oral-b/R-754402306/p
Perfumeria e higiene,Champú albaricoque para niños Carrefour Kids 300 ml.,"3,10 €","0,55 €/100ml",https://www.carrefour.es/supermercado/champu-albaricoque-para-ninos-carrefour-kids-300-ml-carrefour-kids/R-768101403/p
Perfumeria e higiene,Enjuague bucal Dientes y Encías Menta Fresca Listerine 500 ml.,"4,80 €","0,96 €/100ml",https://www.carrefour.es/supermercado/enjuague-bucal-dientes-y-encias-menta-fresca-listerine-500-ml-listerine/R-521000427/p
Perfumeria e higiene,Jabón de manos en pastilla de Marsella con oliva y limón Les Cosmétiques Néctar of Beauty 2 ud.,"1,18 €","0,39 €/100ml",https://www.carrefour.es/supermercado/jabon-de-manos-en-pastilla-de-marsella-con-oliva-y-limon-les-cosmetiques-nectar-of-beauty-2-ud-les-cosmetiques-nectar-of-beauty/R-733759713/p
Perfumeria e higiene,Dentífrico anti-manchas Denivit 50 ml.,"1,85 €","3,70 €/100ml",https://www.carrefour.es/supermercado/dentifrico-anti-manchas-denivit-50-ml-denivit/R-521000244/p
Perfumeria e higiene,Protegeslip maxi Carefree 64 ud.,"3,50 €","0,05 €/ud",https://www.carrefour.es/supermercado/protegeslip-maxi-carefree-64-ud-carefree/R-prod64101/p
Perfumeria e higiene,Espuma de afeitar dermoprotect para todo tipo de pieles Amalfi 335 ml.,"1,06 €","0,32 €/100ml",https://www.carrefour.es/supermercado/espuma-de-afeitar-dermoprotect-para-todo-tipo-de-pieles-amalfi-335-ml/R-prod66718/p
Perfumeria e higiene,Gel de ducha spa Natural Honey 650 ml.,"2,08 €","0,32 €/100ml",https://www.carrefour.es/supermercado/gel-de-ducha-spa-natural-honey-650-ml-natural-honey/R-526414135/p
Perfumeria e higiene,"Crema de hombre para cara, cuerpo y manos Nivea 150 ml.","3,60 €","2,40 €/100ml",https://www.carrefour.es/supermercado/crema-de-hombre-para-cara-cuerpo-y-manos-nivea-150-ml-nivea/R-798285026/p
Perfumeria e higiene,Champú reparador papaya Garnier 350 ml.,"4,50 €","1,29 €/100ml",https://www.carrefour.es/supermercado/champu-reparador-papaya-garnier-350-ml/R-VC4AECOMM-442970/p
Perfumeria e higiene,Recambio cepillo dental eléctrico Cross Action Oral-B 4 ud.,"22,20 €","5,55 €/ud",https://www.carrefour.es/supermercado/recambio-cepillo-dental-electrico-cross-action-oral-b-4-ud-oral-b/R-795238797/p
Perfumeria e higiene,Protegeslip para incontinencia de orina ultra mini Discreet Tena 28 ud.,"3,08 €","0,11 €/ud",https://www.carrefour.es/supermercado/protegeslip-para-incontinencia-de-orina-ultra-mini-discreet-tena-28-ud-tena-lady/R-521000601/p
Perfumeria e higiene,Desodorante roll-on anti-manchas invisible Dove 50 ml.,"1,75 €","3,50 €/100ml",https://www.carrefour.es/supermercado/desodorante-roll-on-anti-manchas-invisible-dove-50-ml-dove/R-520664812/p
Perfumeria e higiene,Dentífrico Utraprotectora Signal pack de 2 unidades de 100 ml.,"2,80 €","1,40 €/100ml",https://www.carrefour.es/supermercado/dentifrico-utraprotectora-signal-pack-de-2-unidades-de-100-ml-signal/R-521035757/p
Perfumeria e higiene,Desodorante en spray con perfume floral 200 ml.,"1,37 €","0,68 €/100ml",https://www.carrefour.es/supermercado/desodorante-en-spray-con-perfume-floral-200-ml-producto-blanco/R-805525735/p
Perfumeria e higiene,Desodorante roll-on Protege&Cuida Nivea Men 50 ml.,"1,85 €","3,70 €/100ml",https://www.carrefour.es/supermercado/desodorante-roll-on-protegecuida-nivea-men-50-ml-nivea-men/R-823818273/p
Perfumeria e higiene,Crema facial de noche anti-arrugas + firmeza Q10 Power Nivea 50 ml.,"8,15 €","16,30 €/100ml",https://www.carrefour.es/supermercado/crema-facial-de-noche-anti-arrugas-firmeza-q10-power-nivea-50-ml-nivea/R-520663953/p
Perfumeria e higiene,Mascarilla capilar con Keratina para pelo liso Tresemmé 300 ml.,"4,80 €","1,60 €/100ml",https://www.carrefour.es/supermercado/mascarilla-capilar-con-keratina-para-pelo-liso-tresemme-300-ml-tresemme/R-713822788/p
Perfumeria e higiene,Acondicionador liso keratina con aceite marula hasta 72h control del escrespamiento Tresemmé 685 ml.,"5,25 €","0,77 €/100ml",https://www.carrefour.es/supermercado/acondicionador-liso-keratina-con-aceite-marula-hasta-72h-control-del-escrespamiento-tresemme-685-ml/R-VC4AECOMM-468710/p
Perfumeria e higiene,Mascarilla capilar 3 en 1 Hair Food Goji Reaviva brilo Para cabello teñido Garnier Fructis 390 ml.,"4,50 €","1,15 €/100ml",https://www.carrefour.es/supermercado/mascarilla-capilar-3-en-1-hair-food-goji-reaviva-brilo-para-cabello-tenido-garnier-fructis-390-ml-garnier-fructis/R-prod650227/p
Perfumeria e higiene,Enjuague bucal Cuidado Total zero Listerine 500 ml.,"5,40 €","1,08 €/100ml",https://www.carrefour.es/supermercado/enjuague-bucal-cuidado-total-zero-listerine-500-ml-listerine/R-834003852/p
Perfumeria e higiene,Enjuague bucal blanqueador Carrefour 500 ml.,"1,37 €","0,27 €/100ml",https://www.carrefour.es/supermercado/enjuague-bucal-blanqueador-carrefour-500-ml-carrefour/R-706508537/p
Perfumeria e higiene,Champú anticaspa Men ultra Total Care con minerales marinos H&S 300 ml.,"4,00 €","1,33 €/100ml",https://www.carrefour.es/supermercado/champu-anticaspa-men-ultra-total-care-con-minerales-marinos-hs-300-ml-hs/R-prod650171/p
Perfumeria e higiene,Protegeslip Maxi Ausonia 30 ud.,"1,67 €","0,06 €/ud",https://www.carrefour.es/supermercado/protegeslip-maxi-ausonia-30-ud-ausonia/R-prod731540/p
Perfumeria e higiene,Champú anti-caspa Nutre & Cuida H&S 360 ml.,"4,00 €","1,11 €/100ml",https://www.carrefour.es/supermercado/champu-anti-caspa-nutre-cuida-hs-360-ml-hs/R-870200540/p
Perfumeria e higiene,Champú suave para piel sensible con caléndula Baby Corine de Farme 750 ml.,"2,95 €","0,39 €/100ml",https://www.carrefour.es/supermercado/champu-suave-para-piel-sensible-con-calendula-baby-corine-de-farme-750-ml-corine-de-farme/R-698405557/p
Perfumeria e higiene,Acetona pura para las uñas Babaria 200 ml.,"1,72 €","0,86 €/100ml",https://www.carrefour.es/supermercado/acetona-pura-para-las-unas-babaria-200-ml-babaria/R-prod971546/p
Perfumeria e higiene,Maquinilla afeitar desechable Extra II piel sensible Wilkinson 10 ud.,"5,55 €","0,55 €/ud",https://www.carrefour.es/supermercado/maquinilla-afeitar-desechable-extra-ii-piel-sensible-wilkinson-10-ud-wilkinson/R-521000892/p
Perfumeria e higiene,Gel íntimo antibacteriano Chilly 250 ml.,"3,70 €","1,48 €/100ml",https://www.carrefour.es/supermercado/gel-intimo-antibacteriano-chilly-250-ml-chilly/R-590211155/p
Perfumeria e higiene,Acondicionador Rizos Definidos Pro-V Pantene 300 ml.,"3,90 €","1,30 €/100ml",https://www.carrefour.es/supermercado/acondicionador-rizos-definidos-pro-v-pantene-300-ml-pantene/R-794720182/p
Perfumeria e higiene,Compresas de noche ultra con alas Cotton protection Ausonia 9 ud.,"3,20 €","0,36 €/ud",https://www.carrefour.es/supermercado/compresas-de-noche-ultra-con-alas-cotton-protection-ausonia-9-ud/R-fprod1410132/p
Perfumeria e higiene,Dentífrico sensation blanqueador Colgate pack de 2 unidades de 75 ml.,"3,95 €","2,63 €/100ml",https://www.carrefour.es/supermercado/dentifrico-sensation-blanqueador-colgate-pack-de-2-unidades-de-75-ml/R-VC4AECOMM-497569/p
Perfumeria e higiene,Tinte 5.0 Castaño Claro Garnier Olia 1 ud.,"6,35 €","6,35 €/ud",https://www.carrefour.es/supermercado/tinte-50-castano-claro-garnier-olia-1-ud-garnier-olia/R-684403562/p
Perfumeria e higiene,Bomba de sal IDC Institute 1 ud.,"1,71 €","1,22 €/100g",https://www.carrefour.es/supermercado/bomba-de-sal-idc-institute-1-ud-idc-institute/R-fprod1190700/p
Perfumeria e higiene,Mascarilla capilar intensa nutrición extrema con aceite de oliva virgen Ganier Original Remedies 300 ml.,"3,51 €","1,18 €/100ml",https://www.carrefour.es/supermercado/mascarilla-capilar-intensa-nutricion-extrema-con-aceite-de-oliva-virgen-ganier-original-remedies-300-ml-original-remedies/R-801580339/p
Perfumeria e higiene,Champú + serum anti-edad BB7 Pantene 360 ml.,"4,00 €","0,97 €/100ml",https://www.carrefour.es/supermercado/champu-serum-anti-edad-bb7-pantene-360-ml-pantene/R-799110700/p
Perfumeria e higiene,Acondicionador Arcilla Extraordinario para cabello normal L'Oréal-Elvive 300 ml.,"2,30 €","1,33 €/100ml",https://www.carrefour.es/supermercado/acondicionador-arcilla-extraordinario-para-cabello-normal-loreal-elvive-300-ml-loreal-elvive/R-prod820369/p
Perfumeria e higiene,Crema suavizante suaviza y desenreda Nelly 1000 ml.,"3,50 €","0,23 €/100ml",https://www.carrefour.es/supermercado/crema-suavizante-suaviza-y-desenreda-nelly-1000-ml-nelly/R-530362852/p
Perfumeria e higiene,Desodorante en spray organic fresh con menta y te verde ecológico Byly 200 ml.,"6,82 €","1,40 €/100ml",https://www.carrefour.es/supermercado/desodorante-en-spray-organic-fresh-con-menta-y-te-verde-ecologico-byly-200-ml-byly/R-520664883/p
Perfumeria e higiene,Gel de ducha hidratante con minerales exfoliantes Dove 500 ml,"1,78 €","0,70 €/100ml",https://www.carrefour.es/supermercado/gel-de-ducha-hidratante-con-minerales-exfoliantes-dove-500-ml/R-VC4AECOMM-488302/p
Perfumeria e higiene,Acondicionador suave y liso para cabello encrespado o apagado Pantene 675 ml.,"1,95 €","1,01 €/100ml",https://www.carrefour.es/supermercado/acondicionador-suave-y-liso-para-cabello-encrespado-o-apagado-pantene-675-ml-pantene/R-730701862/p
Perfumeria e higiene,Lima fibra vidreo Beter 1 ud.,"5,87 €","1,78 €/ud",https://www.carrefour.es/supermercado/lima-fibra-vidreo-beter-1-ud-beter/R-643301881/p
Perfumeria e higiene,Crema corporal reafirmante Q10 Carrefour 400 ml.,"10,45 €","0,49 €/100ml",https://www.carrefour.es/supermercado/crema-corporal-reafirmante-q10-carrefour-400-ml-carrefour/R-fprod1470204/p
Perfumeria e higiene,Champú Aqua Light Pantene 700 ml.,"3,35 €","0,84 €/100ml",https://www.carrefour.es/supermercado/champu-aqua-light-pantene-700-ml-pantene/R-797608296/p
Perfumeria e higiene,Preservativos sensación piel con piel Durex 12 ud.,"3,59 €","0,87 €/ud",https://www.carrefour.es/supermercado/preservativos-sensacion-piel-con-piel-durex-12-ud/R-VC4AECOMM-487579/p
Perfumeria e higiene,Desodorante roll-on piel normal con piedra de alumbre natur protect Sanex pack de 2 unidades de 50 ml.,"1,70 €","3,35 €/100ml",https://www.carrefour.es/supermercado/desodorante-roll-on-piel-normal-con-piedra-de-alumbre-natur-protect-sanex-pack-de-2-unidades-de-50-ml-sanex/R-prod300447/p
Perfumeria e higiene,Champú fortificante Fuerza y Brillo 2 en 1 para cabello normal Garnier-Fructis 360 ml.,"3,26 €","1,00 €/100ml",https://www.carrefour.es/supermercado/champu-fortificante-fuerza-y-brillo-2-en-1-para-cabello-normal-garnier-fructis-360-ml-garnier-fructis/R-prod64580/p
Perfumeria e higiene,Leche corporal hidratación bajo la ducha triple acción Nivea 400 ml.,"4,67 €","1,17 €/100ml",https://www.carrefour.es/supermercado/leche-corporal-hidratacion-bajo-la-ducha-triple-accion-nivea-400-ml-nivea/R-754402372/p
Perfumeria e higiene,Desodorante en spray Zero 0% extra control protección 48H Sanex 200 ml.,"3,30 €","1,65 €/100ml",https://www.carrefour.es/supermercado/desodorante-en-spray-zero-0-extra-control-proteccion-48h-sanex-200-ml-sanex/R-fprod1260022/p
Perfumeria e higiene,Pants de noche talla grande Absodys Carrefour 14 ud.,"9,80 €","0,70 €/ud",https://www.carrefour.es/supermercado/pants-de-noche-talla-grande-absodys-carrefour-14-ud-carrefour/R-800036119/p
Perfumeria e higiene,Compresas Canales Noche Carrefour 10 ud.,"1,45 €","0,14 €/ud",https://www.carrefour.es/supermercado/compresas-canales-noche-carrefour-10-ud-carrefour/R-521000479/p
Perfumeria e higiene,Gel de ducha frutal Carrefour 750 ml.,"1,24 €","0,17 €/100ml",https://www.carrefour.es/supermercado/gel-de-ducha-frutal-carrefour-750-ml-carrefour/R-prod1070636/p
Perfumeria e higiene,Champú fortificante adiós daños para cabello dañado Garnier Fructis 690 ml.,"5,95 €","0,86 €/100ml",https://www.carrefour.es/supermercado/champu-fortificante-adios-danos-para-cabello-danado-garnier-fructis-690-ml/R-fprod1460456/p
Perfumeria e higiene,Esponja de baño jabonosa Carrefour 10 ud.,"1,10 €","0,11 €/ud",https://www.carrefour.es/supermercado/esponja-de-bano-jabonosa-carrefour-10-ud/R-VC4AECOMM-443083/p
Perfumeria e higiene,Loción corporal hidratante para piel normal y seca Natural Honey 700 ml.,"2,00 €","0,71 €/100ml",https://www.carrefour.es/supermercado/locion-corporal-hidratante-para-piel-normal-y-seca-natural-honey-700-ml-natural-de-montana/R-prod971721/p
Perfumeria e higiene,Crema lata Nivea 75 ml.,"1,40 €","2,67 €/100ml",https://www.carrefour.es/supermercado/crema-lata-nivea-75-ml-nivea/R-546306628/p
Perfumeria e higiene,Quitaesmalte Babaria 200 ml.,"1,34 €","0,70 €/100ml",https://www.carrefour.es/supermercado/quitaesmalte-babaria-200-ml-babaria/R-521010573/p
Perfumeria e higiene,Compresas noche Teen Carrefour 12 ud.,"2,80 €","0,11 €/ud",https://www.carrefour.es/supermercado/compresas-noche-teen-carrefour-12-ud-carrefour/R-819114700/p
Perfumeria e higiene,Cepillo de dietes junior trolls Colgate 2 ud.,"3,70 €","2,80 €/ud",https://www.carrefour.es/supermercado/cepillo-de-dietes-junior-trolls-colgate-2-ud-colgate/R-521000441/p
Perfumeria e higiene,Dentífrico blanqueador Smile for good Colgate 75 ml.,"0,61 €","4,93 €/100ml",https://www.carrefour.es/supermercado/dentifrico-blanqueador-smile-for-good-colgate-75-ml/R-VC4AECOMM-443248/p
Perfumeria e higiene,Dentífrico Protect sensitive Dentalyss 75 ml.,"2,30 €","0,81 €/100ml",https://www.carrefour.es/supermercado/dentifrico-protect-sensitive-dentalyss-75-ml-dentalyss/R-fprod1460512/p
Perfumeria e higiene,Agua Micelar piel seca/sensible Nivea 400 ml.,"7,15 €","0,90 €/100ml",https://www.carrefour.es/supermercado/agua-micelar-piel-seca-sensible-nivea-400-ml-nivea/R-857900482/p
Perfumeria e higiene,Bálsamo labial hidratante Carrefour 2 ud.,"1,28 €","1,15 €/ud",https://www.carrefour.es/supermercado/balsamo-labial-hidratante-carrefour-2-ud-carrefour/R-fprod1220495/p
Perfumeria e higiene,Agua de colonia Gotas Frescas Instituto Español 750 ml.,"3,50 €","0,95 €/100ml",https://www.carrefour.es/supermercado/agua-de-colonia-gotas-frescas-instituto-espanol-750-ml-gotas-frescas/R-653301967/p
Perfumeria e higiene,Desodorante en spray dermo protector Amalfi 200 ml.,"5,87 €","0,64 €/100ml",https://www.carrefour.es/supermercado/desodorante-en-spray-dermo-protector-amalfi-200-ml-amalfi/R-656101713/p
Perfumeria e higiene,Tampones regular pearl compak Tampax 16 ud.,"6,35 €","0,22 €/ud",https://www.carrefour.es/supermercado/tampones-regular-pearl-compak-tampax-16-ud/R-VC4AECOMM-446105/p
Perfumeria e higiene,Compresas para incontinencia de orina normal discreet Tena 24 ud.,"3,30 €","0,25 €/ud",https://www.carrefour.es/supermercado/compresas-para-incontinencia-de-orina-normal-discreet-tena-24-ud-tena-lady/R-521000597/p
Perfumeria e higiene,Champú purificante Pantene 700 ml.,"3,59 €","0,84 €/100ml",https://www.carrefour.es/supermercado/champu-purificante-pantene-700-ml-pantene/R-797608298/p
Perfumeria e higiene,Crema suavizante para cabello seco Revlon Flex 650 ml.,"3,10 €","0,48 €/100ml",https://www.carrefour.es/supermercado/crema-suavizante-para-cabello-seco-revlon-flex-650-ml-flex/R-520663341/p
Perfumeria e higiene,Gel de ducha con karité Dove 500 ml.,"3,05 €","0,61 €/100ml",https://www.carrefour.es/supermercado/gel-de-ducha-con-karite-dove-500-ml-dove/R-797608352/p
Perfumeria e higiene,Preservativos nature Control 24 ud.,"12,00 €","0,50 €/ud",https://www.carrefour.es/supermercado/preservativos-nature-control-24-ud-control/R-521001005/p
Perfumeria e higiene,Dentífrico placa bacteriana 12h de protección Colgate Total 75 ml.,"2,10 €","2,80 €/100ml",https://www.carrefour.es/supermercado/dentifrico-placa-bacteriana-12h-de-proteccion-colgate-total-75-ml-colgate/R-prod1022603/p
Perfumeria e higiene,Desodorante en spray para mujer Active Protect frescor Rexona 200 ml.,"2,88 €","1,44 €/100ml",https://www.carrefour.es/supermercado/desodorante-en-spray-para-mujer-active-protect-frescor-rexona-200-ml-rexona/R-prod69710/p
Perfumeria e higiene,Guante de crin Carrefour 1 ud.,"2,10 €","2,10 €/ud",https://www.carrefour.es/supermercado/guante-de-crin-carrefour-1-ud-carrefour/R-fprod1280748/p
Perfumeria e higiene,Desodorante en spray Marine Axe 150 ml.,"2,00 €","1,33 €/100ml",https://www.carrefour.es/supermercado/desodorante-en-spray-marine-axe-150-ml-axe/R-757005859/p
Perfumeria e higiene,Compresas Fina y segura maxi/super con alas Evax 11 ud.,"1,83 €","0,17 €/ud",https://www.carrefour.es/supermercado/compresas-fina-y-segura-maxi-super-con-alas-evax-11-ud-evax/R-prod870924/p
Perfumeria e higiene,Dentífrico de romero sin flúor ecológico Neobio 75 ml.,"3,70 €","4,93 €/100ml",https://www.carrefour.es/supermercado/dentifrico-de-romero-sin-fluor-ecologico-neobio-75-ml-neobio/R-prod120352/p
Perfumeria e higiene,Acondicionador repara aceite de argán de marruecos bío:renew Herbal Essences 400 ml.,"3,99 €","1,00 €/100ml",https://www.carrefour.es/supermercado/acondicionador-repara-aceite-de-argan-de-marruecos-biorenew-herbal-essences-400-ml-herbal-essences/R-prod650089/p
Perfumeria e higiene,Preservativos dame placer Durex 12 ud.,"6,90 €","0,58 €/ud",https://www.carrefour.es/supermercado/preservativos-dame-placer-durex-12-ud/R-VC4AECOMM-487666/p
Perfumeria e higiene,Protegeslip & tanga negro Carrefour 28 ud.,"1,61 €","0,06 €/ud",https://www.carrefour.es/supermercado/protegeslip-tanga-negro-carrefour-28-ud-carrefour/R-848500340/p
Perfumeria e higiene,Toallitas desmaquillantes suaves Nectar of Bio 25 ud.,"1,93 €","0,08 €/ud",https://www.carrefour.es/supermercado/toallitas-desmaquillantes-suaves-nectar-of-bio-25-ud/R-VC4AECOMM-441301/p
Perfumeria e higiene,Gel de ducha con sales minerales yogur griego piel cuidada La Toja 550 ml.,"2,00 €","0,36 €/100ml",https://www.carrefour.es/supermercado/gel-de-ducha-con-sales-minerales-yogur-griego-piel-cuidada-la-toja-550-ml-la-toja/R-prod810482/p
Perfumeria e higiene,Acondicionador fortificante liso & brillo con aceite de argán para cabello rebelde y dificil de alisar Garnier Fructis 300 ml.,"3,70 €","1,23 €/100ml",https://www.carrefour.es/supermercado/acondicionador-fortificante-liso-brillo-con-aceite-de-argan-para-cabello-rebelde-y-dificil-de-alisar-garnier-fructis-300-ml/R-fprod1460525/p
Perfumeria e higiene,Gel de ducha dark temptation Axe 400 ml.,"2,85 €","0,71 €/100ml",https://www.carrefour.es/supermercado/gel-de-ducha-dark-temptation-axe-400-ml-axe/R-589801644/p
Perfumeria e higiene,DEO COOL FRESH MEN DOVE ROLL50,"1,93 €","3,86 €/100ml",https://www.carrefour.es/supermercado/deo-cool-fresh-men-dove-roll50-dove/R-543602046/p
Perfumeria e higiene,Desodorante roll-on aloe vera Babaria 75 ml.,"1,71 €","2,28 €/100ml",https://www.carrefour.es/supermercado/desodorante-roll-on-aloe-vera-babaria-75-ml-babaria/R-536500329/p
Perfumeria e higiene,Crema corporal hidratante con aceite de oliva Nivea 300 ml.,"3,29 €","1,10 €/100ml",https://www.carrefour.es/supermercado/crema-corporal-hidratante-con-aceite-de-oliva-nivea-300-ml-nina-del-segura/R-prod870798/p
Perfumeria e higiene,Crema de manos antiedad Nivea Q10 100 ml.,"3,75 €","3,75 €/100ml",https://www.carrefour.es/supermercado/crema-de-manos-antiedad-nivea-q10-100-ml/R-VC4AECOMM-437984/p
Perfumeria e higiene,Jabón de manos lavanda IDC 500 ml.,"2,65 €","0,53 €/100ml",https://www.carrefour.es/supermercado/jabon-de-manos-lavanda-idc-500-ml-idc/R-794748867/p
Perfumeria e higiene,Champú seco limpia el cabello sin mojarse Carrefour 150 ml.,"2,10 €","1,40 €/100ml",https://www.carrefour.es/supermercado/champu-seco-limpia-el-cabello-sin-mojarse-carrefour-150-ml-carrefour/R-815722685/p
Perfumeria e higiene,Desodorante stick original anti-transpirante 0% alcohol Dove 40 ml.,"3,40 €","8,50 €/100ml",https://www.carrefour.es/supermercado/desodorante-stick-original-anti-transpirante-0-alcohol-dove-40-ml-dove/R-520664877/p
Perfumeria e higiene,Cepillo interdental fino Carrefour 5 ud.,"1,28 €","0,26 €/ud",https://www.carrefour.es/supermercado/cepillo-interdental-fino-carrefour-5-ud-carrefour/R-555105987/p
Perfumeria e higiene,Compresas Cottonlike super con alas Evax 12 ud.,"2,32 €","0,19 €/ud",https://www.carrefour.es/supermercado/compresas-cottonlike-super-con-alas-evax-12-ud-evax/R-700809144/p
Perfumeria e higiene,Champú fortificante Aloe Hydra Bomb hidrata y suaviza Garnier-Fructis 360 g.,"3,59 €","1,00 €/100ml",https://www.carrefour.es/supermercado/champu-fortificante-aloe-hydra-bomb-hidrata-y-suaviza-garnier-fructis-360-g-garnier-fructis/R-prod650235/p
Perfumeria e higiene,Jabón de manos sweet vanilla IDC Institute 500 ml.,"2,65 €","0,53 €/100ml",https://www.carrefour.es/supermercado/jabon-de-manos-sweet-vanilla-idc-institute-500-ml-idc-institute/R-prod71064/p
Perfumeria e higiene,Desodorante roll-on active control men Sanex 50 ml.,"1,75 €","3,50 €/100ml",https://www.carrefour.es/supermercado/desodorante-roll-on-active-control-men-sanex-50-ml-sanex-men/R-780796839/p
Perfumeria e higiene,Compresas incontinencia maxi Carrefour 16 ud.,"2,99 €","0,19 €/ud",https://www.carrefour.es/supermercado/compresas-incontinencia-maxi-carrefour-16-ud-carrefour/R-526600656/p
Perfumeria e higiene,Mascarilla instantánea Dream Long Rapid Reviver pelo largo y dañado L'Oréal-Elvive 180 ml.,"1,24 €","2,11 €/100ml",https://www.carrefour.es/supermercado/mascarilla-instantanea-dream-long-rapid-reviver-pelo-largo-y-danado-loreal-elvive-180-ml-loreal-elvive/R-prod1120106/p
Perfumeria e higiene,Gel de ducha hidratante colonia Carrefour 750 ml.,"2,85 €","0,17 €/100ml",https://www.carrefour.es/supermercado/gel-de-ducha-hidratante-colonia-carrefour-750-ml-carrefour/R-prod1070618/p
Perfumeria e higiene,Desodorante en spray Invisible on Black and White Clothes Rexona 250 ml.,"1,95 €","1,14 €/100ml",https://www.carrefour.es/supermercado/desodorante-en-spray-invisible-on-black-and-white-clothes-rexona-250-ml-rexona/R-fprod1180107/p
Perfumeria e higiene,Enjuague bucal protection Carrefour Soft 500 ml.,"4,25 €","0,39 €/100ml",https://www.carrefour.es/supermercado/enjuague-bucal-protection-carrefour-soft-500-ml/R-VC4AECOMM-613063/p
Perfumeria e higiene,Desodorante en spray Dry Impact Nivea Men 250 ml.,"3,75 €","1,70 €/100ml",https://www.carrefour.es/supermercado/desodorante-en-spray-dry-impact-nivea-men-250-ml-nivea-men/R-fprod1190530/p
Perfumeria e higiene,Gel íntimo sensitive Pharmaline 250 ml.,"1,28 €","1,50 €/100ml",https://www.carrefour.es/supermercado/gel-intimo-sensitive-pharmaline-250-ml-pharmaline/R-739835419/p
Perfumeria e higiene,"Cepillo interdental 1,8mm Carrefour 5 ud.","2,59 €","0,26 €/ud",https://www.carrefour.es/supermercado/cepillo-interdental-1-8mm-carrefour-5-ud-carrefour/R-756361226/p
Perfumeria e higiene,Champú de cebolla antioxidante Babaria 600 ml.,"1,75 €","0,43 €/100ml",https://www.carrefour.es/supermercado/champu-de-cebolla-antioxidante-babaria-600-ml-babaria/R-812700247/p
Perfumeria e higiene,Desodorante roll-on dermo invisible Sanex 45 ml.,"2,30 €","3,89 €/100ml",https://www.carrefour.es/supermercado/desodorante-roll-on-dermo-invisible-sanex-45-ml-sanex/R-521007473/p
Perfumeria e higiene,Toallitas desmaquillantes suaves para pieles secas y sensibles con extracto de rosa Ganier 25 ud.,"0,90 €","0,09 €/ud",https://www.carrefour.es/supermercado/toallitas-desmaquillantes-suaves-para-pieles-secas-y-sensibles-con-extracto-de-rosa-ganier-25-ud/R-VC4AECOMM-492788/p
Perfumeria e higiene,Protegeslip normal 50 ud.,"2,30 €","0,02 €/ud",https://www.carrefour.es/supermercado/protegeslip-normal-50-ud/R-VC4AECOMM-446656/p
Perfumeria e higiene,Mascarilla hidratante calmante Hydra Bomb Garnier-Skin Active 1 ud.,"1,58 €","7,19 €/100g",https://www.carrefour.es/supermercado/mascarilla-hidratante-calmante-hydra-bomb-garnier-skin-active-1-ud-garnier-skin-active/R-852200372/p
Perfumeria e higiene,Champú y acondicionador anticaspa 2 en 1 Carrefour 400 ml.,"3,05 €","0,39 €/100ml",https://www.carrefour.es/supermercado/champu-y-acondicionador-anticaspa-2-en-1-carrefour-400-ml-carrefour/R-prod1000547/p
Perfumeria e higiene,Cepillo dental para dientes de leche de 0-6 años Binaca 1 ud.,"3,59 €","3,05 €/ud",https://www.carrefour.es/supermercado/cepillo-dental-para-dientes-de-leche-de-0-6-anos-binaca-1-ud-binaca/R-521000459/p
Perfumeria e higiene,Champú fortificante Pure Fresh Menta Refrescante Anticaspa Garnier-Fructis 360 ml.,"0,61 €","1,00 €/100ml",https://www.carrefour.es/supermercado/champu-fortificante-pure-fresh-menta-refrescante-anticaspa-garnier-fructis-360-ml-garnier-fructis/R-prod65199/p
Perfumeria e higiene,Dentífrico white 2 en 1 Dentalyss 100 ml.,"2,60 €","0,61 €/100ml",https://www.carrefour.es/supermercado/dentifrico-white-2-en-1-dentalyss-100-ml-dentalyss/R-fprod1470036/p
Perfumeria e higiene,Laca fijadora flexible extra-fuerte Sunsilk 400 ml.,"3,10 €","0,65 €/100ml",https://www.carrefour.es/supermercado/laca-fijadora-flexible-extra-fuerte-sunsilk-400-ml-sunsilk/R-520663405/p
Perfumeria e higiene,Champú fortificante Revlon Flex 650 ml.,"2,00 €","0,48 €/100ml",https://www.carrefour.es/supermercado/champu-fortificante-revlon-flex-650-ml-flex/R-520663149/p
Perfumeria e higiene,Goma de pelo negra básica Ponette 6 ud.,"1,06 €","0,18 €/ud",https://www.carrefour.es/supermercado/goma-de-pelo-negra-basica-ponette-6-ud-ponette/R-prod850092/p
Perfumeria e higiene,Crema gel de aloe vera sin aclarado Pelo largo Garnier-Fructis 400 ml.,"4,40 €","1,10 €/100ml",https://www.carrefour.es/supermercado/crema-gel-de-aloe-vera-sin-aclarado-pelo-largo-garnier-fructis-400-ml-garnier-fructis/R-prod650228/p
Perfumeria e higiene,Gel de afeitar pieles sensibles 2 en 1 cool & fresh Fusion ProGlide Gillette 170 ml.,"5,48 €","3,22 €/100ml",https://www.carrefour.es/supermercado/gel-de-afeitar-pieles-sensibles-2-en-1-cool-fresh-fusion-proglide-gillette-170-ml-gillette/R-808943726/p
Perfumeria e higiene,Tinte 4.15 Chocolate Garnier Olia 1 ud.,"6,35 €","6,35 €/ud",https://www.carrefour.es/supermercado/tinte-415-chocolate-garnier-olia-1-ud-garnier-olia/R-684403558/p
Perfumeria e higiene,Jabón de manos hygiene protector antibacterias Sanex 300 ml.,"2,85 €","0,95 €/100ml",https://www.carrefour.es/supermercado/jabon-de-manos-hygiene-protector-antibacterias-sanex-300-ml-sanex/R-521000694/p
Perfumeria e higiene,Dentífrico sensibilidad y encías blanqueador Sensodyne 75 ml.,"4,15 €","5,53 €/100ml",https://www.carrefour.es/supermercado/dentifrico-sensibilidad-y-encias-blanqueador-sensodyne-75-ml-sensodyne/R-prod1020159/p
Perfumeria e higiene,Champú suave calmante con crema de arroz y leche de avena Original Remedies 600 ml.,"5,75 €","0,96 €/100ml",https://www.carrefour.es/supermercado/champu-suave-calmante-con-crema-de-arroz-y-leche-de-avena-original-remedies-600-ml-original-remedies/R-prod731494/p
Perfumeria e higiene,Desodorante en spray Black Axe 150 ml.,"2,00 €","1,33 €/100ml",https://www.carrefour.es/supermercado/desodorante-en-spray-black-axe-150-ml-axe/R-792742802/p
Perfumeria e higiene,Desodorante pies Babaria 150 ml.,"2,20 €","1,47 €/100ml",https://www.carrefour.es/supermercado/desodorante-pies-babaria-150-ml-babaria/R-693401727/p
Perfumeria e higiene,Champú anticaída para cabellos normales Natur Vital 300 ml.,"3,95 €","1,32 €/100ml",https://www.carrefour.es/supermercado/champu-anticaida-para-cabellos-normales-natur-vital-300-ml-natur-vital/R-522714139/p
Perfumeria e higiene,Champú anticaspa para cabello graso Citrus Fresh K&S 1000 ml.,"9,80 €","0,98 €/100ml",https://www.carrefour.es/supermercado/champu-anticaspa-para-cabello-graso-citrus-fresh-ks-1000-ml/R-VC4AECOMM-445271/p
Perfumeria e higiene,Tampones con aplicador Super Tampax caja de 20 uds.,"3,60 €","0,18 €/ud",https://www.carrefour.es/supermercado/tampones-con-aplicador-super-tampax-caja-de-20-uds-tampax/R-521000536/p
Perfumeria e higiene,Bandas de cera depilatoria para rostro aroma almendra Body natur 12 ud.,"1,50 €","0,12 €/ud",https://www.carrefour.es/supermercado/bandas-de-cera-depilatoria-para-rostro-aroma-almendra-body-natur-12-ud-body-natur/R-prod770061/p
Perfumeria e higiene,"Champú anticaspa suave y sedoso para cabello seco, dañado o encrespado H&S 700 ml.","6,82 €","0,97 €/100ml",https://www.carrefour.es/supermercado/champu-anticaspa-suave-y-sedoso-para-cabello-seco-danado-o-encrespado-hs-700-ml-hs/R-764119641/p
Perfumeria e higiene,Enjuague bucal sabor frutos rojos Listerine 500 ml.,"4,80 €","0,96 €/100ml",https://www.carrefour.es/supermercado/enjuague-bucal-sabor-frutos-rojos-listerine-500-ml-listerine/R-521000461/p
Perfumeria e higiene,Esponja dermomasaje exfoliación Regeneración Carrefour 1 ud.,"1,61 €","1,61 €/ud",https://www.carrefour.es/supermercado/esponja-dermomasaje-exfoliacion-regeneracion-carrefour-1-ud-carrefour/R-fprod1280754/p
Perfumeria e higiene,Champú reparador para cabellos dañados total repair 5 L'Oréal-Elvive 690 ml.,"7,30 €","1,06 €/100ml",https://www.carrefour.es/supermercado/champu-reparador-para-cabellos-danados-total-repair-5-loreal-elvive-690-ml/R-fprod1460437/p
Perfumeria e higiene,Espuma de afeitar con sales minerales y micro aceites Protect 7 La Toja 300 ml.,"2,35 €","0,78 €/100ml",https://www.carrefour.es/supermercado/espuma-de-afeitar-con-sales-minerales-y-micro-aceites-protect-7-la-toja-300-ml-la-toja/R-795705210/p
Perfumeria e higiene,Mascarilla capilar para todo tipo de cabello Carrefour 500 ml.,"2,40 €","0,48 €/100ml",https://www.carrefour.es/supermercado/mascarilla-capilar-para-todo-tipo-de-cabello-carrefour-500-ml-carrefour/R-prod820263/p
Perfumeria e higiene,Quitaesmalte con glicerina express Carrefour 200 ml.,"1,20 €","0,60 €/100ml",https://www.carrefour.es/supermercado/quitaesmalte-con-glicerina-express-carrefour-200-ml-carrefour/R-785317944/p
Perfumeria e higiene,Crema de manos nutritiva para pieles maduras y secas Q10 Carrefour 100 ml.,"1,50 €","1,50 €/100ml",https://www.carrefour.es/supermercado/crema-de-manos-nutritiva-para-pieles-maduras-y-secas-q10-carrefour-100-ml-carrefour/R-prod870015/p
Perfumeria e higiene,After shave loción Williams 200 ml.,"3,70 €","1,85 €/100ml",https://www.carrefour.es/supermercado/after-shave-locion-williams-200-ml-williams/R-521000884/p
Perfumeria e higiene,Crema reafirmante corporal con vitamina E aloe vera Babaria 500 ml.,"2,40 €","0,48 €/100ml",https://www.carrefour.es/supermercado/crema-reafirmante-corporal-con-vitamina-e-aloe-vera-babaria-500-ml-babaria/R-529043375/p
Perfumeria e higiene,Champú anticaspa para hombre ultra limpieza profunda con carbón H&S 300 ml.,"4,00 €","1,33 €/100ml",https://www.carrefour.es/supermercado/champu-anticaspa-para-hombre-ultra-limpieza-profunda-con-carbon-hs-300-ml-hs/R-prod650174/p
Perfumeria e higiene,Champú revitalizante con miel de mil flores Les Cosmétiques -Nectar of Beauty 500 ml.,"1,99 €","0,40 €/100ml",https://www.carrefour.es/supermercado/champu-revitalizante-con-miel-de-mil-flores-les-cosmetiques-nectar-of-beauty-500-ml-les-cosmetiques-nectar-of-beauty/R-prod740102/p
Perfumeria e higiene,Champú + serum anti-edad BB7 Pantene 700 ml.,"5,87 €","0,84 €/100ml",https://www.carrefour.es/supermercado/champu-serum-anti-edad-bb7-pantene-700-ml-pantene/R-797608306/p
Perfumeria e higiene,Gel de afeitar piel sensible Lea 200 ml.,"2,40 €","1,20 €/100ml",https://www.carrefour.es/supermercado/gel-de-afeitar-piel-sensible-lea-200-ml-lea/R-prod590076/p
Perfumeria e higiene,Tinte creme nº 6 Rubio Oscuro L'Oréal Excellence 1 ud.,"7,95 €","7,95 €/ud",https://www.carrefour.es/supermercado/tinte-creme-n-6-rubio-oscuro-loreal-excellence-1-ud-loreal-excellence/R-520663543/p
Perfumeria e higiene,Crema antiarrugas+ firmeza FP 30 Nivea Q10 Power 50 ml.,"10,55 €","21,10 €/100ml",https://www.carrefour.es/supermercado/crema-antiarrugas-firmeza-fp-30-nivea-q10-power-50-ml-nivea/R-817316829/p
Perfumeria e higiene,Desodorante en spray Classic original Magno 150 ml.,"2,80 €","1,87 €/100ml",https://www.carrefour.es/supermercado/desodorante-en-spray-classic-original-magno-150-ml-magno/R-520664921/p
Perfumeria e higiene,Mascarilla hidratante matificante Hydra Bomb Garnier-Skin Active 1 ud.,"2,30 €","7,19 €/100g",https://www.carrefour.es/supermercado/mascarilla-hidratante-matificante-hydra-bomb-garnier-skin-active-1-ud-garnier-skin-active/R-852200388/p
Perfumeria e higiene,Compresas para incontinencia de orina mini Discreet Tena 20 ud.,"2,29 €","0,19 €/ud",https://www.carrefour.es/supermercado/compresas-para-incontinencia-de-orina-mini-discreet-tena-20-ud-tena-lady/R-521000609/p
Perfumeria e higiene,DEO LACTOVIT INVISIBLE SPR 200,"4,75 €","1,14 €/100ml",https://www.carrefour.es/supermercado/deo-lactovit-invisible-spr-200-lactovit/R-520664780/p
Perfumeria e higiene,Agua micelar en aceite Garnier 400 ml.,"3,84 €","1,19 €/100ml",https://www.carrefour.es/supermercado/agua-micelar-en-aceite-garnier-400-ml-garnier/R-836506947/p
Perfumeria e higiene,Champú nutritivo ligero con aceite de coco pelo normal o seco L'Oréal-Elvive 370 ml.,"3,70 €","1,04 €/100ml",https://www.carrefour.es/supermercado/champu-nutritivo-ligero-con-aceite-de-coco-pelo-normal-o-seco-loreal-elvive-370-ml-loreal-elvive/R-prod301655/p
Perfumeria e higiene,Acondicionador fortificante suaviza e hidrata pure fresh agua de coco Garnier Fructis 300 ml.,"1,50 €","1,23 €/100ml",https://www.carrefour.es/supermercado/acondicionador-fortificante-suaviza-e-hidrata-pure-fresh-agua-de-coco-garnier-fructis-300-ml/R-fprod1460482/p
Perfumeria e higiene,Crema de talones agrietados Carrefour 125 ml.,"3,21 €","1,20 €/100ml",https://www.carrefour.es/supermercado/crema-de-talones-agrietados-carrefour-125-ml-carrefour/R-616101748/p
Perfumeria e higiene,Dentífrico 3D White Luxe efecto perla Oral-B 75 ml.,"1,61 €","4,28 €/100ml",https://www.carrefour.es/supermercado/dentifrico-3d-white-luxe-efecto-perla-oral-b-75-ml-oral-b/R-799397794/p
Perfumeria e higiene,Toallitas íntimas rosa mosqueta Babaria 12 ud.,"1,23 €","0,13 €/ud",https://www.carrefour.es/supermercado/toallitas-intimas-rosa-mosqueta-babaria-12-ud-babaria/R-prod71786/p
Perfumeria e higiene,Gel de ducha de coco addiction Natural Honey 75 ml.,"1,93 €","1,64 €/100ml",https://www.carrefour.es/supermercado/gel-de-ducha-de-coco-addiction-natural-honey-75-ml-natural-honey/R-870904455/p
Perfumeria e higiene,Desodorante roll-on go fresh Dove 50 ml.,"4,70 €","3,86 €/100ml",https://www.carrefour.es/supermercado/desodorante-roll-on-go-fresh-dove-50-ml-dove/R-prod190140/p
Perfumeria e higiene,Crema de peinado Rizos Pantene 200 ml.,"2,85 €","1,74 €/100ml",https://www.carrefour.es/supermercado/crema-de-peinado-rizos-pantene-200-ml-pantene/R-fprod1190495/p
Perfumeria e higiene,Toallitas íntimas con Aloe Carefree 20 ud.,"3,00 €","0,14 €/ud",https://www.carrefour.es/supermercado/toallitas-intimas-con-aloe-carefree-20-ud-carefree/R-521000570/p
Perfumeria e higiene,Espuma Perfect Volume Pro-V Pantene 250 ml.,"4,78 €","1,20 €/100ml",https://www.carrefour.es/supermercado/espuma-perfect-volume-pro-v-pantene-250-ml-pantene/R-804987749/p
Perfumeria e higiene,Champú suave para pieles atópicas Instituto Español 300 ml.,"4,10 €","1,59 €/100ml",https://www.carrefour.es/supermercado/champu-suave-para-pieles-atopicas-instituto-espanol-300-ml-instituto-espanol/R-830827068/p
Perfumeria e higiene,Cepillo de dientes bambú Colgate 1 ud.,"4,40 €","4,10 €/ud",https://www.carrefour.es/supermercado/cepillo-de-dientes-bambu-colgate-1-ud-colgate/R-fprod1450102/p
Perfumeria e higiene,Protege & Cuida Bálsamo After Shave Hidratante Nivea Men 100 ml.,"2,10 €","4,40 €/100ml",https://www.carrefour.es/supermercado/protege-cuida-balsamo-after-shave-hidratante-nivea-men-100-ml-nivea-men/R-521000882/p
Perfumeria e higiene,Enjuague bucal protección dientes y encías menta suave Listerine 500 ml.,"4,80 €","0,96 €/100ml",https://www.carrefour.es/supermercado/enjuague-bucal-proteccion-dientes-y-encias-menta-suave-listerine-500-ml-listerine/R-prod810283/p
Perfumeria e higiene,Gel Pure Active 3 en 1 Carbón anti-puntos negros Garnier 50 ml.,"5,00 €","10,00 €/100ml",https://www.carrefour.es/supermercado/gel-pure-active-3-en-1-carbon-anti-puntos-negros-garnier-50-ml-garnier/R-836506945/p
Perfumeria e higiene,Desodorante roll-on brisa fresh Mum 50 ml.,"2,05 €","4,10 €/100ml",https://www.carrefour.es/supermercado/desodorante-roll-on-brisa-fresh-mum-50-ml-mum/R-520664851/p
Perfumeria e higiene,Champú anticaída para cabellos grasos Natur Vital 300 ml.,"3,95 €","1,32 €/100ml",https://www.carrefour.es/supermercado/champu-anticaida-para-cabellos-grasos-natur-vital-300-ml-natur-vital/R-520663179/p
Perfumeria e higiene,Dentífrico para niños Dientes de Leche Binaca 75 ml.,"2,30 €","4,60 €/100ml",https://www.carrefour.es/supermercado/dentifrico-para-ninos-dientes-de-leche-binaca-75-ml-binaca/R-521000445/p
Perfumeria e higiene,Tampones con aplicador regular Tampax caja de 20 uds.,"3,60 €","0,18 €/ud",https://www.carrefour.es/supermercado/tampones-con-aplicador-regular-tampax-caja-de-20-uds-tampax/R-521000534/p
Perfumeria e higiene,Tampones con aplicador normal Carrefour 20 ud.,"1,35 €","0,07 €/ud",https://www.carrefour.es/supermercado/tampones-con-aplicador-normal-carrefour-20-ud-carrefour/R-814301087/p
Perfumeria e higiene,Desodorante en spray tacto puro classic NB Palmolive 200 ml.,"3,10 €","1,55 €/100ml",https://www.carrefour.es/supermercado/desodorante-en-spray-tacto-puro-classic-nb-palmolive-200-ml-nb-palmolive/R-520664853/p
Perfumeria e higiene,Champú alisadora macadamia Garnier 350 ml.,"4,50 €","1,29 €/100ml",https://www.carrefour.es/supermercado/champu-alisadora-macadamia-garnier-350-ml/R-VC4AECOMM-442974/p
Perfumeria e higiene,Acondicionador ultra nutritiva banana Garnier 350 ml.,"4,80 €","1,37 €/100ml",https://www.carrefour.es/supermercado/acondicionador-ultra-nutritiva-banana-garnier-350-ml/R-VC4AECOMM-442981/p
Perfumeria e higiene,Desodorante en spray Excite Axe 150 ml.,"2,00 €","1,33 €/100ml",https://www.carrefour.es/supermercado/desodorante-en-spray-excite-axe-150-ml-axe/R-757005762/p
Perfumeria e higiene,Dentífrico blanqueador Fluocaril pack de 2 unidades de 75 ml.,"6,40 €","4,27 €/100ml",https://www.carrefour.es/supermercado/dentifrico-blanqueador-fluocaril-pack-de-2-unidades-de-75-ml-fluocaril/R-prod810794/p
Perfumeria e higiene,Mascarilla capilar intensiva para cabello teñido Color Project Pantene 300 ml.,"3,90 €","1,30 €/100ml",https://www.carrefour.es/supermercado/mascarilla-capilar-intensiva-para-cabello-tenido-color-project-pantene-300-ml-pantene/R-706508729/p
Perfumeria e higiene,Seda dental 3D White Oral-B 1 ud.,"4,00 €","4,00 €/ud",https://www.carrefour.es/supermercado/seda-dental-3d-white-oral-b-1-ud-oral-b/R-750002145/p
Perfumeria e higiene,Tinte 6.0 Rubio Oscuro Garnier Olia 1 ud.,"6,35 €","6,35 €/ud",https://www.carrefour.es/supermercado/tinte-60-rubio-oscuro-garnier-olia-1-ud-garnier-olia/R-684403570/p
Perfumeria e higiene,Desechable Venus Simply 2 Gillette 5 ud.,"2,49 €","0,50 €/ud",https://www.carrefour.es/supermercado/desechable-venus-simply-2-gillette-5-ud-gillette/R-521009116/p
Perfumeria e higiene,Champú anticaspa para cabello limpio y fresco Apple Fresh H&S 700ml.,"6,82 €","0,97 €/100ml",https://www.carrefour.es/supermercado/champu-anticaspa-para-cabello-limpio-y-fresco-apple-fresh-hs-700ml-hs/R-764119643/p
Perfumeria e higiene,Gel exfoliante Pure Active Fruit Energy Garnier-Skin Naturals 150 ml.,"4,25 €","2,83 €/100ml",https://www.carrefour.es/supermercado/gel-exfoliante-pure-active-fruit-energy-garnier-skin-naturals-150-ml-garnier-skin-naturals/R-674101661/p
Perfumeria e higiene,Champú fortificante anticaspa para cabello normal Ganier- Fructis 690 ml.,"5,95 €","0,86 €/100ml",https://www.carrefour.es/supermercado/champu-fortificante-anticaspa-para-cabello-normal-ganier-fructis-690-ml/R-fprod1460504/p
Perfumeria e higiene,Crema corporal hidratante para pieles atópicas Carrefour 400 ml.,"2,20 €","0,55 €/100ml",https://www.carrefour.es/supermercado/crema-corporal-hidratante-para-pieles-atopicas-carrefour-400-ml-carrefour/R-fprod1470205/p
Perfumeria e higiene,Bastoncillos de maquillaje Carrefour 100 ud.,"0,99 €","0,01 €/ud",https://www.carrefour.es/supermercado/bastoncillos-de-maquillaje-carrefour-100-ud/R-VC4AECOMM-450155/p
Perfumeria e higiene,Esponja de baño tonificante doble acción Actibel 1 ud.,"1,99 €","1,99 €/ud",https://www.carrefour.es/supermercado/esponja-de-bano-tonificante-doble-accion-actibel-1-ud-actibel/R-521012161/p
Perfumeria e higiene,Desmaquillador de ojos Doble Acción Nivea 125 ml.,"4,65 €","3,72 €/100ml",https://www.carrefour.es/supermercado/desmaquillador-de-ojos-doble-accion-nivea-125-ml-nivea/R-555701606/p
Perfumeria e higiene,Champú en seco original Batiste 200 ml.,"3,10 €","1,55 €/100ml",https://www.carrefour.es/supermercado/champu-en-seco-original-batiste-200-ml-batiste/R-prod830248/p
Perfumeria e higiene,Toallitas íntimas delicadas Chilly 12 ud.,"2,49 €","0,21 €/ud",https://www.carrefour.es/supermercado/toallitas-intimas-delicadas-chilly-12-ud-chilly/R-582901545/p
Perfumeria e higiene,Desodorante roll-on Cool Kick Nivea 50 ml.,"1,85 €","3,70 €/100ml",https://www.carrefour.es/supermercado/desodorante-roll-on-cool-kick-nivea-50-ml-nivea/R-520664736/p
Perfumeria e higiene,Gel de ducha dermatológico piel atópica Pharmaline 750 ml.,"5,25 €","0,70 €/100ml",https://www.carrefour.es/supermercado/gel-de-ducha-dermatologico-piel-atopica-pharmaline-750-ml-pharmaline/R-625319087/p
Perfumeria e higiene,Desodorante roll-on invisible Motion Sense Active protección+ anti-transpirant 0% alcohol Rexona 50 ml.,"2,09 €","4,18 €/100ml",https://www.carrefour.es/supermercado/desodorante-roll-on-invisible-motion-sense-active-proteccion-anti-transpirant-0-alcohol-rexona-50-ml-rexona/R-prod720205/p
Perfumeria e higiene,Toallitas micelares Todo en 1 para pieles y ojos muy sensibles Garnier 25 ud.,"2,50 €","0,10 €/ud",https://www.carrefour.es/supermercado/toallitas-micelares-todo-en-1-para-pieles-y-ojos-muy-sensibles-garnier-25-ud-garnier/R-816215649/p
Perfumeria e higiene,Enjuague bucal advance white menta Listerine 500 ml.,"5,55 €","1,11 €/100ml",https://www.carrefour.es/supermercado/enjuague-bucal-advance-white-menta-listerine-500-ml/R-VC4AECOMM-492621/p
Perfumeria e higiene,Compresas ultrafinas con alas para la noche Carrefour 9 ud.,"1,34 €","0,15 €/ud",https://www.carrefour.es/supermercado/compresas-ultrafinas-con-alas-para-la-noche-carrefour-9-ud/R-VC4AECOMM-443515/p
Perfumeria e higiene,Cepillo dental eléctrico Floss action EB25 recambio Oral-B 2 ud.,"11,45 €","5,72 €/ud",https://www.carrefour.es/supermercado/cepillo-dental-electrico-floss-action-eb25-recambio-oral-b-2-ud-oral-b/R-641402126/p
Perfumeria e higiene,Dentífrico Pro-Expert Blanqueante Oral-B 75 ml.,"2,64 €","3,52 €/100ml",https://www.carrefour.es/supermercado/dentifrico-pro-expert-blanqueante-oral-b-75-ml-oral-b/R-683603261/p
Perfumeria e higiene,Acondicionador fortificante repara adios daños con aceite del fruto de amia para cabello dañado Garnier Fructis 300 ml.,"3,70 €","1,23 €/100ml",https://www.carrefour.es/supermercado/acondicionador-fortificante-repara-adios-danos-con-aceite-del-fruto-de-amia-para-cabello-danado-garnier-fructis-300-ml/R-fprod1460459/p
Perfumeria e higiene,Champú Nutri-gloss Luminizer para cabello con falta de brillo L'Oréal-Elvive 370 ml.,"3,84 €","1,04 €/100ml",https://www.carrefour.es/supermercado/champu-nutri-gloss-luminizer-para-cabello-con-falta-de-brillo-loreal-elvive-370-ml-loreal-elvive/R-825202149/p
Perfumeria e higiene,Toallitas desmaquilladoras Nivea 20 ud.,"1,99 €","0,10 €/ud",https://www.carrefour.es/supermercado/toallitas-desmaquilladoras-nivea-20-ud-nina-del-segura/R-prod880750/p
Perfumeria e higiene,Gel limpiador facial al agua para piel normal y mixta Nivea 150 ml.,"4,85 €","3,23 €/100ml",https://www.carrefour.es/supermercado/gel-limpiador-facial-al-agua-para-piel-normal-y-mixta-nivea-150-ml-nivea/R-520663761/p
Perfumeria e higiene,Champú anti-caspa Nutre & Cuida H&S 700 ml.,"6,82 €","0,97 €/100ml",https://www.carrefour.es/supermercado/champu-anti-caspa-nutre-cuida-hs-700-ml-hs/R-870200538/p
Perfumeria e higiene,Cepillo de dientes triple action medium Colgate 4 ud.,"3,95 €","0,99 €/ud",https://www.carrefour.es/supermercado/cepillo-de-dientes-triple-action-medium-colgate-4-ud-colgate/R-814300571/p
Perfumeria e higiene,Champú suave calmante con crema de arroz y leche de avena Original Remedies 300 ml.,"3,30 €","1,10 €/100ml",https://www.carrefour.es/supermercado/champu-suave-calmante-con-crema-de-arroz-y-leche-de-avena-original-remedies-300-ml-original-remedies/R-prod731490/p
Perfumeria e higiene,Champú con camomila y miel de flores para cabellos rubios Garnier 400 ml.,"3,30 €","0,82 €/100ml",https://www.carrefour.es/supermercado/champu-con-camomila-y-miel-de-flores-para-cabellos-rubios-garnier-400-ml-garnier/R-780049139/p
Perfumeria e higiene,Compresas para pérdidas de orina normal Ausonia Discreet 12 ud.,"3,40 €","0,28 €/ud",https://www.carrefour.es/supermercado/compresas-para-perdidas-de-orina-normal-ausonia-discreet-12-ud-ausonia-discreet/R-867523942/p
Perfumeria e higiene,Loción corporal karite Dove 400 ml.,"4,05 €","1,01 €/100ml",https://www.carrefour.es/supermercado/locion-corporal-karite-dove-400-ml-dove/R-594301551/p
Perfumeria e higiene,Body milk Triple Acción para piel seca Nivea 400 ml.,"4,85 €","1,21 €/100ml",https://www.carrefour.es/supermercado/body-milk-triple-accion-para-piel-seca-nivea-400-ml-nivea/R-520664372/p
Perfumeria e higiene,Laca fijación flexible Pro-V Pantene 300 ml.,"3,00 €","1,00 €/100ml",https://www.carrefour.es/supermercado/laca-fijacion-flexible-pro-v-pantene-300-ml-pantene/R-636701725/p
Perfumeria e higiene,Desodorante roll-on para mujer aloe vera Rexona 50 ml.,"2,09 €","4,18 €/100ml",https://www.carrefour.es/supermercado/desodorante-roll-on-para-mujer-aloe-vera-rexona-50-ml-rexona/R-520664839/p
Perfumeria e higiene,Crema Hidratante Facial Té verde Garnier-Skin Naturals 50 ml.,"5,40 €","10,80 €/100ml",https://www.carrefour.es/supermercado/crema-hidratante-facial-te-verde-garnier-skin-naturals-50-ml-garnier-skin-naturals/R-696708800/p
Perfumeria e higiene,Coloración Permanente nº 3 Castaño Oscuro Garnier Color Sensation 1 ud.,"3,65 €","3,65 €/ud",https://www.carrefour.es/supermercado/coloracion-permanente-n-3-castano-oscuro-garnier-color-sensation-1-ud-garnier-color-sensation/R-652602052/p
Perfumeria e higiene,Cepillo dental 360º medio Colgate 1 ud.,"7,95 €","3,15 €/ud",https://www.carrefour.es/supermercado/cepillo-dental-360-medio-colgate-1-ud-colgate/R-521000287/p
Perfumeria e higiene,Tinte creme nº 7 Rubio L'Oréal Excellence 1 ud.,"0,99 €","7,95 €/ud",https://www.carrefour.es/supermercado/tinte-creme-n-7-rubio-loreal-excellence-1-ud-loreal-excellence/R-521012124/p
Perfumeria e higiene,Dentífrico Fresh Dentalyss pack de 2 unidades de 75 ml.,"3,88 €","0,66 €/100ml",https://www.carrefour.es/supermercado/dentifrico-fresh-dentalyss-pack-de-2-unidades-de-75-ml-dentalyss/R-fprod1470037/p
Perfumeria e higiene,Champú anticaspa + acondicionador todo en uno Apple Fresh H&S 360 ml.,"4,35 €","1,08 €/100ml",https://www.carrefour.es/supermercado/champu-anticaspa-acondicionador-todo-en-uno-apple-fresh-hs-360-ml-hs/R-764119655/p
Perfumeria e higiene,Bandas de cera depilatoria para pieles sensibles Veet 20 ud.,"3,10 €","0,22 €/ud",https://www.carrefour.es/supermercado/bandas-de-cera-depilatoria-para-pieles-sensibles-veet-20-ud-veet/R-prod81118/p
Perfumeria e higiene,Protegeslip normal multiforma Evax 58 ud.,"2,30 €","0,05 €/ud",https://www.carrefour.es/supermercado/protegeslip-normal-multiforma-evax-58-ud-evax/R-fprod1410113/p
Perfumeria e higiene,Gel de afeitar Series Gillette 75 ml.,"3,80 €","3,07 €/100ml",https://www.carrefour.es/supermercado/gel-de-afeitar-series-gillette-75-ml-gillette/R-prod1023256/p
Perfumeria e higiene,Desodorante en spray original Dove 200 ml.,"3,20 €","1,90 €/100ml",https://www.carrefour.es/supermercado/desodorante-en-spray-original-dove-200-ml-dove/R-prod1060059/p
Perfumeria e higiene,Protegeslip normal Ausonia 28 ud.,"3,60 €","0,11 €/ud",https://www.carrefour.es/supermercado/protegeslip-normal-ausonia-28-ud-ausonia/R-fprod1410146/p
Perfumeria e higiene,Desodorante en spray para hombre care Clean Comfort 0% aluminum salts alcohol Dove 150 ml.,"2,10 €","2,40 €/100ml",https://www.carrefour.es/supermercado/desodorante-en-spray-para-hombre-care-clean-comfort-0-aluminum-salts-alcohol-dove-150-ml-dove/R-prod720244/p
Perfumeria e higiene,Desenredante instantáneo ultra suave Nelly 200 ml.,"1,85 €","1,05 €/100ml",https://www.carrefour.es/supermercado/desenredante-instantaneo-ultra-suave-nelly-200-ml-nelly/R-801332722/p
Perfumeria e higiene,Desodorante roll-on Protege&Cuida Nivea 50 ml.,"3,05 €","3,70 €/100ml",https://www.carrefour.es/supermercado/desodorante-roll-on-protegecuida-nivea-50-ml-nivea/R-823818373/p
Perfumeria e higiene,Dentífrico acción visible 12h de protección Colgate 75 ml.,"3,30 €","4,07 €/100ml",https://www.carrefour.es/supermercado/dentifrico-accion-visible-12h-de-proteccion-colgate-75-ml-colgate/R-prod1020146/p
Perfumeria e higiene,Dentífrico original Encias & Esmalte Repair Oral-B 75 ml.,"3,45 €","4,40 €/100ml",https://www.carrefour.es/supermercado/dentifrico-original-encias-esmalte-repair-oral-b-75-ml-oral-b/R-prod650130/p
Perfumeria e higiene,Vaselina perfumada Gal 40 g.,"2,65 €","3,45 €/ud",https://www.carrefour.es/supermercado/vaselina-perfumada-gal-40-g-gal/R-590207355/p
Perfumeria e higiene,Desodorante roll-on Fresh Flower Nivea 50 ml.,"3,30 €","5,30 €/100ml",https://www.carrefour.es/supermercado/desodorante-roll-on-fresh-flower-nivea-50-ml-nivea/R-fprod1250182/p
Perfumeria e higiene,Dentífrico Protección Completa Licor del Polo pack de 2 unidades de 75 ml.,"2,50 €","2,20 €/100ml",https://www.carrefour.es/supermercado/dentifrico-proteccion-completa-licor-del-polo-pack-de-2-unidades-de-75-ml-licor-del-polo/R-521028439/p
Perfumeria e higiene,Gel fijador x-trema 'Control Total' Giorgi 150 ml.,"4,00 €","1,67 €/100ml",https://www.carrefour.es/supermercado/gel-fijador-x-trema-control-total-giorgi-150-ml-giorgi/R-520663460/p
Perfumeria e higiene,Desodorante en spray Fresh Gold Axe pack de 2 unidadesd de 150 ml.,"2,09 €","1,33 €/100ml",https://www.carrefour.es/supermercado/desodorante-en-spray-fresh-gold-axe-pack-de-2-unidadesd-de-150-ml-axe/R-prod730601/p
Perfumeria e higiene,Desodorante roll-on para mujer Active Protect Odour Protection Rexona 50 ml.,"7,15 €","4,18 €/100ml",https://www.carrefour.es/supermercado/desodorante-roll-on-para-mujer-active-protect-odour-protection-rexona-50-ml-rexona/R-827510414/p
Perfumeria e higiene,Preservativos sensual touch&feel Control 12 ud.,"9,85 €","0,60 €/ud",https://www.carrefour.es/supermercado/preservativos-sensual-touchfeel-control-12-ud-control/R-521001007/p
Perfumeria e higiene,Recambio maquinilla Venus Gillette 4 ud.,"4,00 €","2,46 €/ud",https://www.carrefour.es/supermercado/recambio-maquinilla-venus-gillette-4-ud-gillette/R-520664497/p
Perfumeria e higiene,Champú anticaspa Apple Fresh H&S 360 ml.,"3,30 €","1,11 €/100ml",https://www.carrefour.es/supermercado/champu-anticaspa-apple-fresh-hs-360-ml-hs/R-823818679/p
Perfumeria e higiene,Laca Fijadora normal L'Oréal Elnett 400 ml.,"6,90 €","1,72 €/100ml",https://www.carrefour.es/supermercado/laca-fijadora-normal-loreal-elnett-400-ml-loreal-elnett/R-520663407/p
Perfumeria e higiene,Champú fortificante Melena Abundante para cabello fino Garnier-Fructis 360 ml.,"3,59 €","1,00 €/100ml",https://www.carrefour.es/supermercado/champu-fortificante-melena-abundante-para-cabello-fino-garnier-fructis-360-ml-garnier-fructis/R-prod65194/p
Perfumeria e higiene,Toallitas íntimas Chilly 12 ud.,"2,49 €","0,21 €/ud",https://www.carrefour.es/supermercado/toallitas-intimas-chilly-12-ud-chilly/R-582901543/p
Perfumeria e higiene,Acondicionador liso y sedoso proteínas de seda & aceite de argán para cabello seco y tendencia a encresparse Tresemmé 855 ml.,"5,00 €","0,58 €/100ml",https://www.carrefour.es/supermercado/acondicionador-liso-y-sedoso-proteinas-de-seda-aceite-de-argan-para-cabello-seco-y-tendencia-a-encresparse-tresemme-855-ml/R-VC4AECOMM-468580/p
Perfumeria e higiene,Discos desmaquillantes de algodón Cocoon Demak Up 85 ud.,"2,10 €","0,02 €/ud",https://www.carrefour.es/supermercado/discos-desmaquillantes-de-algodon-cocoon-demak-up-85-ud/R-VC4AECOMM-534429/p
Perfumeria e higiene,Champú Volumen Pomelo blanco & menta mosa bío:renew Herbal Essences 400 ml.,"3,99 €","1,00 €/100ml",https://www.carrefour.es/supermercado/champu-volumen-pomelo-blanco-menta-mosa-biorenew-herbal-essences-400-ml-herbal-essences/R-prod650106/p
Perfumeria e higiene,Crema hidratante intensiva Soft Nivea 100 ml.,"2,20 €","2,20 €/100ml",https://www.carrefour.es/supermercado/crema-hidratante-intensiva-soft-nivea-100-ml-nivea/R-prod760280/p
Perfumeria e higiene,Crema de manos con aceite de oliva Babaria 75 ml.,"1,07 €","1,43 €/100ml",https://www.carrefour.es/supermercado/crema-de-manos-con-aceite-de-oliva-babaria-75-ml-babaria/R-795705090/p
Perfumeria e higiene,Tinte 4.0 Castaño Garnier Olia 1 ud.,"6,35 €","6,35 €/ud",https://www.carrefour.es/supermercado/tinte-40-castano-garnier-olia-1-ud-garnier-olia/R-684403556/p
Perfumeria e higiene,Dentífrico protect fluor Dentalyss pack de 2 unidades de 75 ml.,"0,99 €","0,66 €/100ml",https://www.carrefour.es/supermercado/dentifrico-protect-fluor-dentalyss-pack-de-2-unidades-de-75-ml-dentalyss/R-fprod1460548/p
Perfumeria e higiene,Pulverizador protector instantáneo del calor en spray Tresemmé 300 ml.,"5,55 €","1,85 €/100ml",https://www.carrefour.es/supermercado/pulverizador-protector-instantaneo-del-calor-en-spray-tresemme-300-ml-tresemme/R-526517365/p
Perfumeria e higiene,Crema suavizante capilar Carrefour 750 ml.,"1,23 €","1,64 €/100ml",https://www.carrefour.es/supermercado/crema-suavizante-capilar-carrefour-750-ml-carrefour/R-prod1040216/p
Perfumeria e higiene,Gel de ducha ice chill Axe 400 ml.,"2,85 €","0,71 €/100ml",https://www.carrefour.es/supermercado/gel-de-ducha-ice-chill-axe-400-ml-axe/R-prod1130158/p
Perfumeria e higiene,Quitaesmaltes sin acetona Cutex 100 ml.,"2,30 €","2,30 €/100ml",https://www.carrefour.es/supermercado/quitaesmaltes-sin-acetona-cutex-100-ml-cutex/R-582901541/p
Perfumeria e higiene,Dentífrico blanqueante complete protection Parodontax 75 ml.,"5,25 €","7,00 €/100ml",https://www.carrefour.es/supermercado/dentifrico-blanqueante-complete-protection-parodontax-75-ml/R-VC4AECOMM-469442/p
Perfumeria e higiene,Desodorante en spray Fresh flower Nivea 150 ml.,"2,85 €","1,90 €/100ml",https://www.carrefour.es/supermercado/desodorante-en-spray-fresh-flower-nivea-150-ml-nivea/R-prod730994/p
Perfumeria e higiene,Desodorante roll-on Dry Fresh anti-transpirante Nivea 50 ml.,"1,85 €","3,70 €/100ml",https://www.carrefour.es/supermercado/desodorante-roll-on-dry-fresh-anti-transpirante-nivea-50-ml-nivea/R-prod760086/p
Perfumeria e higiene,Gomas de pelo fina Ponette 1 ud.,"0,95 €","0,95 €/ud",https://www.carrefour.es/supermercado/gomas-de-pelo-fina-ponette-1-ud-ponette/R-prod930256/p
Perfumeria e higiene,Dentífrico esmalte sano 12h de protección completa Colgate Total 75 ml.,"3,05 €","4,07 €/100ml",https://www.carrefour.es/supermercado/dentifrico-esmalte-sano-12h-de-proteccion-completa-colgate-total-75-ml-colgate/R-prod1022616/p
Perfumeria e higiene,Bandas de cera depilatorias facial hipoalergénicas minima Veet 20 ud.,"5,00 €","0,25 €/ud",https://www.carrefour.es/supermercado/bandas-de-cera-depilatorias-facial-hipoalergenicas-minima-veet-20-ud/R-VC4AECOMM-492767/p
Perfumeria e higiene,Champú hidratante de agua de coco y aloe vera Original Remedies 300 ml.,"3,30 €","1,10 €/100ml",https://www.carrefour.es/supermercado/champu-hidratante-de-agua-de-coco-y-aloe-vera-original-remedies-300-ml-original-remedies/R-prod731498/p
Perfumeria e higiene,Compresas Ultra fina Normal 16 ud.,"0,84 €","0,05 €/ud",https://www.carrefour.es/supermercado/compresas-ultra-fina-normal-16-ud-producto-blanco/R-prod190331/p
Perfumeria e higiene,CHAMP?.HIERBAS TIMOTEI.400ML,"2,95 €","0,74 €/100ml",https://www.carrefour.es/supermercado/champhierbas-timotei400ml-timotei/R-520663280/p
Perfumeria e higiene,CHAMP ALMENDRAS TIMOTEI.400 ML,"2,95 €","0,74 €/100ml",https://www.carrefour.es/supermercado/champ-almendras-timotei400-ml-timotei/R-521015440/p
Perfumeria e higiene,Gel limpiador botánico con hoja de té verde piel mixta Garnier Skin Active 200 ml.,"4,50 €","2,25 €/100ml",https://www.carrefour.es/supermercado/gel-limpiador-botanico-con-hoja-de-te-verde-piel-mixta-garnier-skin-active-200-ml-garnier-skin-active/R-prod64452/p
Perfumeria e higiene,Desodorante roll-on Invisible for black and white 48 h. Nivea 50 ml.,"1,85 €","3,70 €/100ml",https://www.carrefour.es/supermercado/desodorante-roll-on-invisible-for-black-and-white-48-h-nivea-50-ml-nivea/R-prod63456/p
Perfumeria e higiene,Crema reparadora de urea avanzada hidratante para piel áspera o seca Instituto Español 400 ml,"3,45 €","0,86 €/100ml",https://www.carrefour.es/supermercado/crema-reparadora-de-urea-avanzada-hidratante-para-piel-aspera-o-seca-instituto-espanol-400-ml-instituto-espanol/R-prod301150/p
Perfumeria e higiene,BODY MILK DOVE 400ML,"4,05 €","1,01 €/100ml",https://www.carrefour.es/supermercado/body-milk-dove-400ml-dove/R-520664386/p
Perfumeria e higiene,Cepillo de pelo raqueta Ponette 1 ud.,"3,15 €","3,15 €/ud",https://www.carrefour.es/supermercado/cepillo-de-pelo-raqueta-ponette-1-ud-ponette/R-prod850112/p
Perfumeria e higiene,Oleogel baño y ducha para pieles atópicas y sensibles hidratación e higiene sin jabón Instituto Español 300 ml.,"5,90 €","1,97 €/100ml",https://www.carrefour.es/supermercado/oleogel-bano-y-ducha-para-pieles-atopicas-y-sensibles-hidratacion-e-higiene-sin-jabon-instituto-espanol-300-ml/R-VC4AECOMM-476835/p
Perfumeria e higiene,Preservativos sensitivo contacto total Durex 12 ud.,"10,45 €","0,87 €/ud",https://www.carrefour.es/supermercado/preservativos-sensitivo-contacto-total-durex-12-ud/R-VC4AECOMM-487678/p
Perfumeria e higiene,Protector para adultos Carrefour 20 ud.,"8,50 €","0,42 €/ud",https://www.carrefour.es/supermercado/protector-para-adultos-carrefour-20-ud-carrefour/R-prod820327/p
Perfumeria e higiene,Desodorante en spray dermo 7 en 1 protection Sanex 200 ml.,"2,50 €","1,25 €/100ml",https://www.carrefour.es/supermercado/desodorante-en-spray-dermo-7-en-1-protection-sanex-200-ml-sanex/R-795768781/p
Perfumeria e higiene,Mascarilla capilar cabello rizado Les Cosmétiques Kera Science 300 ml.,"1,60 €","0,53 €/100ml",https://www.carrefour.es/supermercado/mascarilla-capilar-cabello-rizado-les-cosmetiques-kera-science-300-ml-les-cosmetiques-kera-science/R-657701797/p
Perfumeria e higiene,Loción corporal con aceite de coco y leche de almendras Dove 400 ml.,"4,10 €","1,02 €/100ml",https://www.carrefour.es/supermercado/locion-corporal-con-aceite-de-coco-y-leche-de-almendras-dove-400-ml-dove/R-prod68355/p
Perfumeria e higiene,Gel de ducha Flor de loto Dove 500 ml.,"3,05 €","0,61 €/100ml",https://www.carrefour.es/supermercado/gel-de-ducha-flor-de-loto-dove-500-ml-dove/R-prod160053/p
Perfumeria e higiene,Acondicionador 3 minutos suave & liso Pantene 200 ml.,"4,10 €","2,05 €/100ml",https://www.carrefour.es/supermercado/acondicionador-3-minutos-suave-liso-pantene-200-ml-pantene/R-prod381944/p
Perfumeria e higiene,Tampones super Tampax 40 ud.,"4,72 €","0,12 €/ud",https://www.carrefour.es/supermercado/tampones-super-tampax-40-ud-tampax/R-521028479/p
Perfumeria e higiene,Laca de uñas 60 seconds super shine nº 320 Rapid Ruby Rimmel 1 ud.,"1,85 €","1,85 €/ud",https://www.carrefour.es/supermercado/laca-de-unas-60-seconds-super-shine-n-320-rapid-ruby-rimmel-1-ud-rimmel/R-prod67878/p
Perfumeria e higiene,Desodorante roll-on sensitive Dove 50 ml.,"2,75 €","5,50 €/100ml",https://www.carrefour.es/supermercado/desodorante-roll-on-sensitive-dove-50-ml/R-VC4AECOMM-569863/p
Perfumeria e higiene,Champú anticaspa + acondicionador Citrus Fresh H&S 360 ml.,"3,88 €","1,08 €/100ml",https://www.carrefour.es/supermercado/champu-anticaspa-acondicionador-citrus-fresh-hs-360-ml-hs/R-764119649/p
Perfumeria e higiene,Esponjas jabonosas Indas 20 uds.,"2,10 €","0,11 €/ud",https://www.carrefour.es/supermercado/esponjas-jabonosas-indas-20-uds-indas/R-808943628/p
Perfumeria e higiene,Desodorante en spray invisible Ice Fresh Rexona 250 ml.,"3,29 €","1,32 €/100ml",https://www.carrefour.es/supermercado/desodorante-en-spray-invisible-ice-fresh-rexona-250-ml-rexona/R-fprod1180114/p
Perfumeria e higiene,Desodorante roll-on algodón Rexona 50 ml.,"2,09 €","4,18 €/100ml",https://www.carrefour.es/supermercado/desodorante-roll-on-algodon-rexona-50-ml-rexona/R-520664823/p
Perfumeria e higiene,"Gel de ducha hidratante con extracto de coco para todo tipo de pieles Carrefour 1,5 l.","2,24 €","0,15 €/100ml",https://www.carrefour.es/supermercado/gel-de-ducha-hidratante-con-extracto-de-coco-para-todo-tipo-de-pieles-carrefour-1-5-l/R-VC4AECOMM-447838/p
Perfumeria e higiene,Champú anticaspa hidratación profunda H&S 360 ml.,"4,00 €","1,11 €/100ml",https://www.carrefour.es/supermercado/champu-anticaspa-hidratacion-profunda-hs-360-ml/R-VC4AECOMM-425276/p
Perfumeria e higiene,Body milk hidratante con aceite de oliva Babaria 400 ml.,"1,58 €","0,39 €/100ml",https://www.carrefour.es/supermercado/body-milk-hidratante-con-aceite-de-oliva-babaria-400-ml-babaria/R-795705080/p
Perfumeria e higiene,Gel de afeitar suave Gillette Mach3 200 ml.,"3,70 €","1,85 €/100ml",https://www.carrefour.es/supermercado/gel-de-afeitar-suave-gillette-mach3-200-ml-gillette-mach3/R-823818692/p
Perfumeria e higiene,Desodorante en spray dermo invisible men Sanex 200 ml.,"3,11 €","1,55 €/100ml",https://www.carrefour.es/supermercado/desodorante-en-spray-dermo-invisible-men-sanex-200-ml-sanex/R-521007475/p
Perfumeria e higiene,Champú cabellos blancos Les Cosmétiques -Kera Science 300 ml.,"2,70 €","0,90 €/100ml",https://www.carrefour.es/supermercado/champu-cabellos-blancos-les-cosmetiques-kera-science-300-ml-les-cosmetiques-kera-science/R-prod261882/p
Perfumeria e higiene,Tinte intense color cream 3 castaño oscuro Palette 1 ud.,"3,68 €","3,68 €/ud",https://www.carrefour.es/supermercado/tinte-intense-color-cream-3-castano-oscuro-palette-1-ud-palette/R-600805803/p
Perfumeria e higiene,Dentífrico sabor fresa desde 7 años Carrefour 75 ml.,"0,86 €","1,15 €/100ml",https://www.carrefour.es/supermercado/dentifrico-sabor-fresa-desde-7-anos-carrefour-75-ml/R-VC4AECOMM-472090/p
Perfumeria e higiene,Compresas para incontinencias de orina extra Discreet Tena 20 ud.,"4,95 €","0,31 €/ud",https://www.carrefour.es/supermercado/compresas-para-incontinencias-de-orina-extra-discreet-tena-20-ud-tena-lady/R-522714369/p
Perfumeria e higiene,Champú extra aloe repara & suaviza Herbal Essences Bio Renew 380 ml.,"2,39 €","1,30 €/100ml",https://www.carrefour.es/supermercado/champu-extra-aloe-repara-suaviza-herbal-essences-bio-renew-380-ml/R-VC4AECOMM-456930/p
Perfumeria e higiene,Jabón de manos en pastilla Magno pack de 2 unidades de 125 g.,"3,39 €","0,96 €/100g",https://www.carrefour.es/supermercado/jabon-de-manos-en-pastilla-magno-pack-de-2-unidades-de-125-g-magno/R-521000712/p
Perfumeria e higiene,Cepillo dental Pro-Expert extra limpieza medio Oral-B 1 ud.,"6,80 €","3,39 €/ud",https://www.carrefour.es/supermercado/cepillo-dental-pro-expert-extra-limpieza-medio-oral-b-1-ud-oral-b/R-754402304/p
Perfumeria e higiene,Cera depilatoria divina facial oro Taky 1 ud.,"2,95 €","6,80 €/ud",https://www.carrefour.es/supermercado/cera-depilatoria-divina-facial-oro-taky-1-ud-taky/R-648002071/p
Perfumeria e higiene,Crema de manos con aceite de coco y leche de almendras Dove 75 ml.,"4,75 €","3,93 €/100ml",https://www.carrefour.es/supermercado/crema-de-manos-con-aceite-de-coco-y-leche-de-almendras-dove-75-ml-dove/R-prod730388/p
Perfumeria e higiene,Agua micelar para pieles mixtas a grasas y sensibles Garnier 400 ml.,"2,95 €","1,19 €/100ml",https://www.carrefour.es/supermercado/agua-micelar-para-pieles-mixtas-a-grasas-y-sensibles-garnier-400-ml-garnier/R-800818354/p
Perfumeria e higiene,Dentífrico natural extracts con aceite de limón y extracto de aloe vera Colgate 75 ml.,"11,25 €","3,93 €/100ml",https://www.carrefour.es/supermercado/dentifrico-natural-extracts-con-aceite-de-limon-y-extracto-de-aloe-vera-colgate-75-ml-colgate/R-prod221385/p
Perfumeria e higiene,Gel lubricante naturals H2O original Durex 100 ml.,"5,10 €","11,25 €/100ml",https://www.carrefour.es/supermercado/gel-lubricante-naturals-h2o-original-durex-100-ml-durex/R-prod200017/p
Perfumeria e higiene,Acondicionador reparadora papaya Garnier 350 ml.,"3,39 €","1,46 €/100ml",https://www.carrefour.es/supermercado/acondicionador-reparadora-papaya-garnier-350-ml/R-VC4AECOMM-442976/p
Perfumeria e higiene,Champú suave con perfume de flor de tiaré y jugo de aloe vera ecologico Nectar Of Bio 200 ml.,"4,57 €","1,36 €/100ml",https://www.carrefour.es/supermercado/champu-suave-con-perfume-de-flor-de-tiare-y-jugo-de-aloe-vera-ecologico-nectar-of-bio-200-ml/R-VC4AECOMM-462228/p
Perfumeria e higiene,Desodorante en spary go fresh aloe y pera anti-transpirante 48h. Dove 250 ml.,"1,34 €","1,83 €/100ml",https://www.carrefour.es/supermercado/desodorante-en-spary-go-fresh-aloe-y-pera-anti-transpirante-48h-dove-250-ml-dove/R-prod69349/p
Perfumeria e higiene,Enjuague bucal con fluor Carrefour 500 ml.,"5,25 €","0,27 €/100ml",https://www.carrefour.es/supermercado/enjuague-bucal-con-fluor-carrefour-500-ml-carrefour/R-521000408/p
Perfumeria e higiene,Champú hydrate miracle con aceite de nuez de macadamia para cabello seco Aussie 300 ml.,"24,90 €","1,75 €/100ml",https://www.carrefour.es/supermercado/champu-hydrate-miracle-con-aceite-de-nuez-de-macadamia-para-cabello-seco-aussie-300-ml/R-VC4AECOMM-419115/p
Perfumeria e higiene,Solución Higienizante Hidroalcohólica 70% alcohol h91 medical 5L,"3,00 €","4,98 €/l",https://www.carrefour.es/supermercado/solucion-higienizante-hidroalcoholica-70-alcohol-h91-medical-5l/R-VC4AECOMM-503318/p
Perfumeria e higiene,ESP.HIDRA-RIZOS EXTRA MARCA200,"4,00 €","1,50 €/100ml",https://www.carrefour.es/supermercado/esphidra-rizos-extra-marca200-garnier-fructis/R-526423710/p
Perfumeria e higiene,Champú anticaspa + acondicionador 2 en 1 Classic para cabello normal H&S 360 ml.,"3,30 €","1,11 €/100ml",https://www.carrefour.es/supermercado/champu-anticaspa-acondicionador-2-en-1-classic-para-cabello-normal-hs-360-ml-hs/R-823818681/p
Perfumeria e higiene,Champú reconstituyente Tesoros de Miel Original Remedies 300 ml.,"1,99 €","1,10 €/100ml",https://www.carrefour.es/supermercado/champu-reconstituyente-tesoros-de-miel-original-remedies-300-ml-original-remedies/R-prod731482/p
Perfumeria e higiene,Maquinilla desechable de mujer 3 hojas Carrefour 4 ud.,"2,30 €","0,50 €/ud",https://www.carrefour.es/supermercado/maquinilla-desechable-de-mujer-3-hojas-carrefour-4-ud/R-VC4AECOMM-475307/p
Perfumeria e higiene,GEL M.CONTRO XTREMA GIORG 250,"3,20 €","1,28 €/100ml",https://www.carrefour.es/supermercado/gel-mcontro-xtrema-giorg-250-giorgi/R-530362970/p
Perfumeria e higiene,Acondicionador repara y protege para cabello débil o dañados Pantene 1000 ml.,"10,10 €","1,01 €/100ml",https://www.carrefour.es/supermercado/acondicionador-repara-y-protege-para-cabello-debil-o-danados-pantene-1000-ml/R-VC4AECOMM-459386/p
Perfumeria e higiene,Sales de baño cherry blossom Gloss! 650 g.,"3,15 €","0,48 €/100g",https://www.carrefour.es/supermercado/sales-de-bano-cherry-blossom-gloss-650-g/R-VC4AECOMM-465523/p
Perfumeria e higiene,Champú suavizante liso asiático para cabello rebelde o difícil de alisar Gliss 370 ml. de alisar,"4,15 €","1,12 €/100ml",https://www.carrefour.es/supermercado/champu-suavizante-liso-asiatico-para-cabello-rebelde-o-dificil-de-alisar-gliss-370-ml-de-alisar/R-VC4AECOMM-592409/p
Perfumeria e higiene,CEPI BINACA INTERD MEDIO P.2X1,"1,71 €","2,50 €/ud",https://www.carrefour.es/supermercado/cepi-binaca-interd-medio-p2x1-binaca/R-521000336/p
Perfumeria e higiene,Laca fijación fuerte de larga duración Carrefour 300 ml.,"3,15 €","0,57 €/100ml",https://www.carrefour.es/supermercado/laca-fijacion-fuerte-de-larga-duracion-carrefour-300-ml-carrefour/R-prod640042/p
Perfumeria e higiene,Gel de ducha Cuidado & Naranja Nivea 750 ml.,"7,86 €","0,42 €/100ml",https://www.carrefour.es/supermercado/gel-de-ducha-cuidado-naranja-nivea-750-ml-nivea/R-prod650050/p
Perfumeria e higiene,Crema corporal protectora forte para piel seca Eudermin 400 ml.,"4,20 €","1,00 €/100ml",https://www.carrefour.es/supermercado/crema-corporal-protectora-forte-para-piel-seca-eudermin-400-ml-eudermin/R-805505165/p
Perfumeria e higiene,Desechable Sensor 3 Gillette 8 ud.,"1,82 €","0,98 €/ud",https://www.carrefour.es/supermercado/desechable-sensor-3-gillette-8-ud-gillette/R-521028516/p
Perfumeria e higiene,Champú Suave y liso 3 en 1 Pantene 300 ml.,"3,55 €","1,40 €/100ml",https://www.carrefour.es/supermercado/champu-suave-y-liso-3-en-1-pantene-300-ml-pantene/R-prod871318/p
Perfumeria e higiene,Desodorante roll-on zero 0% invisible anti manchas Sanex 50 ml.,"1,29 €","3,64 €/100ml",https://www.carrefour.es/supermercado/desodorante-roll-on-zero-0-invisible-anti-manchas-sanex-50-ml-sanex/R-fprod1260024/p
Perfumeria e higiene,Desodorante stick ecológico Piedra de Alumbre nbd 120 g.,"1,10 €","2,96 €/100g",https://www.carrefour.es/supermercado/desodorante-stick-ecologico-piedra-de-alumbre-nbd-120-g-nbd/R-684304125/p
Perfumeria e higiene,"Acondicionador Alisado Fluido cabello rebelde, con tendencia a encresparse Les Cosmétiques -Kera Science 400 ml.","2,30 €","0,32 €/100ml",https://www.carrefour.es/supermercado/acondicionador-alisado-fluido-cabello-rebelde-con-tendencia-a-encresparse-les-cosmetiques-kera-science-400-ml-les-cosmetiques-kera-science/R-657701741/p
Perfumeria e higiene,Manopla rizo Carrefour 2 ud.,"2,00 €","0,55 €/ud",https://www.carrefour.es/supermercado/manopla-rizo-carrefour-2-ud-carrefour/R-fprod1280613/p
Perfumeria e higiene,Cepillo dental infantil + 3 años con temporizador Carrefour 1 ud.,"3,99 €","2,30 €/ud",https://www.carrefour.es/supermercado/cepillo-dental-infantil-3-anos-con-temporizador-carrefour-1-ud-carrefour/R-fprod1460488/p
Perfumeria e higiene,Desodorante en spray Dark Temptation Axe 150 ml.,"1,20 €","1,33 €/100ml",https://www.carrefour.es/supermercado/desodorante-en-spray-dark-temptation-axe-150-ml-axe/R-757005814/p
Perfumeria e higiene,Cabezales cepillo eléctrico universal Total Clean Carrefour 2 ud.,"2,05 €","1,99 €/ud",https://www.carrefour.es/supermercado/cabezales-cepillo-electrico-universal-total-clean-carrefour-2-ud-carrefour/R-prod670411/p
Perfumeria e higiene,Esponja desmaquilladora 100% natural Suavipiel 2 ud.,"1,93 €","0,60 €/ud",https://www.carrefour.es/supermercado/esponja-desmaquilladora-100-natural-suavipiel-2-ud-suavipiel/R-804031601/p
Perfumeria e higiene,Desodorante roll-on unperfumed Mum 50 ml.,"8,85 €","4,10 €/100ml",https://www.carrefour.es/supermercado/desodorante-roll-on-unperfumed-mum-50-ml-mum/R-521007997/p
Perfumeria e higiene,Desodorante roll-on go fresh verde Dove 50 ml.,"7,40 €","3,86 €/100ml",https://www.carrefour.es/supermercado/desodorante-roll-on-go-fresh-verde-dove-50-ml-dove/R-584701517/p
Perfumeria e higiene,Tabletas limpiadoras para prótesis dentales acción desinfectante con oxígeno activo Polident 72 ud.,"3,90 €","0,12 €/ud",https://www.carrefour.es/supermercado/tabletas-limpiadoras-para-protesis-dentales-accion-desinfectante-con-oxigeno-activo-polident-72-ud-polident/R-prod840384/p
Perfumeria e higiene,Champú anticaspa Men ultra Prevención caída Con cafeína H&S 600 ml.,"2,25 €","1,23 €/100ml",https://www.carrefour.es/supermercado/champu-anticaspa-men-ultra-prevencion-caida-con-cafeina-hs-600-ml-hs/R-prod650198/p
Perfumeria e higiene,Enjuague bucal advance white menta Listerine 1 l.,"10,40 €","1,04 €/100ml",https://www.carrefour.es/supermercado/enjuague-bucal-advance-white-menta-listerine-1-l/R-VC4AECOMM-492619/p
Perfumeria e higiene,Contorno de ojos hidratante antibolsas & antiojeras ecológico Nectar Of Bio 15 ml.,"4,20 €","28,00 €/100ml",https://www.carrefour.es/supermercado/contorno-de-ojos-hidratante-antibolsas-antiojeras-ecologico-nectar-of-bio-15-ml/R-VC4AECOMM-432532/p
Perfumeria e higiene,Acondicionador hidratante con crema de arroz y leche de avena Original Remedies 250 ml.,"3,45 €","1,38 €/100ml",https://www.carrefour.es/supermercado/acondicionador-hidratante-con-crema-de-arroz-y-leche-de-avena-original-remedies-250-ml-original-remedies/R-prod731481/p
Perfumeria e higiene,Jabón de manos en pastilla alepo auténtico con 5% laurel Terre D' Ecologis 190 g.,"3,70 €","7,40 €/100ml",https://www.carrefour.es/supermercado/jabon-de-manos-en-pastilla-alepo-autentico-con-5-laurel-terre-d-ecologis-190-g-terre-d-ecologis/R-814634928/p
Perfumeria e higiene,Cepillo dental UltraThin Oral-B 1 ud.,"2,09 €","2,09 €/ud",https://www.carrefour.es/supermercado/cepillo-dental-ultrathin-oral-b-1-ud-oral-b/R-857000306/p
Perfumeria e higiene,Desodorante en spray aloe vera Rexona 250 ml.,"2,85 €","1,14 €/100ml",https://www.carrefour.es/supermercado/desodorante-en-spray-aloe-vera-rexona-250-ml-rexona/R-fprod1180182/p
Perfumeria e higiene,Mascarilla capilar Mango & Nuez para cabello seco Nectar of Nature Les Cosmétiques Nectar of Beauty 400 ml.,"2,80 €","0,70 €/100ml",https://www.carrefour.es/supermercado/mascarilla-capilar-mango-nuez-para-cabello-seco-nectar-of-nature-les-cosmetiques-nectar-of-beauty-400-ml-les-cosmetiques-nectar-of-beauty/R-656901777/p
Perfumeria e higiene,Mascarilla capilar cabello teñido o con mechas Les Cosmétiques Kera Science 300 ml.,"1,60 €","0,53 €/100ml",https://www.carrefour.es/supermercado/mascarilla-capilar-cabello-tenido-o-con-mechas-les-cosmetiques-kera-science-300-ml-les-cosmetiques-kera-science/R-657701783/p
Perfumeria e higiene,Agua micelar de flor de azahar ecológica pieles apagadas y incluso sensibles Garnier Bio 400 ml.,"6,10 €","1,52 €/100ml",https://www.carrefour.es/supermercado/agua-micelar-de-flor-de-azahar-ecologica-pieles-apagadas-y-incluso-sensibles-garnier-bio-400-ml/R-VC4AECOMM-482761/p
Perfumeria e higiene,Desodorante en spray Apolo Axe 150 ml.,"2,00 €","1,33 €/100ml",https://www.carrefour.es/supermercado/desodorante-en-spray-apolo-axe-150-ml-axe/R-757005766/p
Perfumeria e higiene,Limpiador facial Pure Active 3 en 1 Garnier Skin Active 150 ml.,"5,95 €","3,97 €/100ml",https://www.carrefour.es/supermercado/limpiador-facial-pure-active-3-en-1-garnier-skin-active-150-ml-garnier-skin-active/R-521009342/p
Perfumeria e higiene,VITESSE TOALLITAS P.MIXTAS X20,"2,30 €","0,08 €/ud",https://www.carrefour.es/supermercado/vitesse-toallitas-pmixtas-x20-vitesse/R-520664090/p
Perfumeria e higiene,Agua de colonia glicerina y té blanco Heno De Pravia 780 ml.,"2,65 €","0,41 €/100ml",https://www.carrefour.es/supermercado/agua-de-colonia-glicerina-y-te-blanco-heno-de-pravia-780-ml-heno-de-pravia/R-543301716/p
Perfumeria e higiene,Esponja de baño flor passión Calypso 1 ud.,"2,80 €","2,80 €/ud",https://www.carrefour.es/supermercado/esponja-de-bano-flor-passion-calypso-1-ud-calypso/R-546307274/p
Perfumeria e higiene,Crema de manos cuidado intenso Nivea 30 ml.,"1,06 €","3,53 €/100ml",https://www.carrefour.es/supermercado/crema-de-manos-cuidado-intenso-nivea-30-ml-nivea/R-prod490047/p
Perfumeria e higiene,Recambio para maquinilla de afeitar Hydro 5 Sensitive Wilkinson 4 ud.,"12,20 €","12,20 €/ud",https://www.carrefour.es/supermercado/recambio-para-maquinilla-de-afeitar-hydro-5-sensitive-wilkinson-4-ud-wilkinson/R-823818577/p
Perfumeria e higiene,Mascarilla capilar protectora hidratante délicatesse de avena Garnier Original Remedies 300 ml.,"3,80 €","1,27 €/100ml",https://www.carrefour.es/supermercado/mascarilla-capilar-protectora-hidratante-delicatesse-de-avena-garnier-original-remedies-300-ml-original-remedies/R-829845048/p
Perfumeria e higiene,Maquinilla de afeitar desechable 3 hojas sensitive Bic 14 ud.,"5,80 €","0,41 €/ud",https://www.carrefour.es/supermercado/maquinilla-de-afeitar-desechable-3-hojas-sensitive-bic-14-ud-bic/R-prod66532/p
Perfumeria e higiene,Gel de ducha Leche Carrefour 750 ml.,"1,25 €","0,17 €/100ml",https://www.carrefour.es/supermercado/gel-de-ducha-leche-carrefour-750-ml-carrefour/R-prod1070650/p
Perfumeria e higiene,Champú Cerezas rojas para cabello normal Les Cosmétiques -Nectar of Beauty 500 ml.,"1,99 €","0,40 €/100ml",https://www.carrefour.es/supermercado/champu-cerezas-rojas-para-cabello-normal-les-cosmetiques-nectar-of-beauty-500-ml-les-cosmetiques-nectar-of-beauty/R-656901787/p
Perfumeria e higiene,Champú extra volumen Les Cosmétiques -Kera Science 400 ml.,"1,70 €","0,42 €/100ml",https://www.carrefour.es/supermercado/champu-extra-volumen-les-cosmetiques-kera-science-400-ml-les-cosmetiques-kera-science/R-657701701/p
Perfumeria e higiene,Crema corporal Aloe Vera pieles normales Carrefour 200 ml.,"1,70 €","0,85 €/100ml",https://www.carrefour.es/supermercado/crema-corporal-aloe-vera-pieles-normales-carrefour-200-ml-carrefour/R-prod371934/p
Perfumeria e higiene,Desodorante stick para hombre Original Old Spice 50 ml.,"3,70 €","7,40 €/100ml",https://www.carrefour.es/supermercado/desodorante-stick-para-hombre-original-old-spice-50-ml-old-spice/R-fprod1190512/p
Perfumeria e higiene,Agua micelar con ácido hialurónico 3en1 para todo tipo de piel Vitesse 400 ml.,"4,10 €","1,02 €/100ml",https://www.carrefour.es/supermercado/agua-micelar-con-acido-hialuronico-3en1-para-todo-tipo-de-piel-vitesse-400-ml-vitesse/R-fprod1250166/p
Perfumeria e higiene,Protegeslip maxi Carefree 36 ud.,"2,00 €","0,06 €/ud",https://www.carrefour.es/supermercado/protegeslip-maxi-carefree-36-ud-carefree/R-fprod1370202/p
Perfumeria e higiene,Dentífrico junior + 6 años con flúor sabor menta fresca Licor del Polo 75 ml.,"2,10 €","2,80 €/100ml",https://www.carrefour.es/supermercado/dentifrico-junior-6-anos-con-fluor-sabor-menta-fresca-licor-del-polo-75-ml-licor-del-polo/R-823507397/p
Perfumeria e higiene,Maquinilla de afeitar desechable Sensor 3 sensitive Gillette 6 ud.,"9,40 €","2,35 €/ud",https://www.carrefour.es/supermercado/maquinilla-de-afeitar-desechable-sensor-3-sensitive-gillette-6-ud/R-fprod1470212/p
Perfumeria e higiene,Tampones super ecológicos Carrefour 32 ud.,"2,20 €","0,07 €/ud",https://www.carrefour.es/supermercado/tampones-super-ecologicos-carrefour-32-ud-carrefour/R-521000516/p
Perfumeria e higiene,Agua de colonia Don Algodón 200 ml.,"12,00 €","6,00 €/100ml",https://www.carrefour.es/supermercado/agua-de-colonia-don-algodon-200-ml-don-algodon/R-prod840802/p
Perfumeria e higiene,Dentífrico blanqueadora sensibilidad & encias Calm Oral B 75 ml.,"4,50 €","6,00 €/100ml",https://www.carrefour.es/supermercado/dentifrico-blanqueadora-sensibilidad-encias-calm-oral-b-75-ml/R-VC4AECOMM-527464/p
Perfumeria e higiene,Mascarilla capilar coco hidratante Botanique Tresemmé 300 ml.,"4,80 €","1,60 €/100ml",https://www.carrefour.es/supermercado/mascarilla-capilar-coco-hidratante-botanique-tresemme-300-ml-tresemme/R-prod810141/p
Perfumeria e higiene,Cepillo de dientes suave Sensodyne 1 ud.,"3,29 €","3,29 €/ud",https://www.carrefour.es/supermercado/cepillo-de-dientes-suave-sensodyne-1-ud-sensodyne/R-prod1020158/p
Perfumeria e higiene,Champú ultra nutritivo con aceite de oliva Les Cosmétiques -Nectar of Beauty 500 ml.,"1,99 €","0,40 €/100ml",https://www.carrefour.es/supermercado/champu-ultra-nutritivo-con-aceite-de-oliva-les-cosmetiques-nectar-of-beauty-500-ml-les-cosmetiques-nectar-of-beauty/R-856700418/p
Perfumeria e higiene,Recambio cepillo dental eléctrico Total Clean Carrefour 5 ud.,"8,35 €","1,67 €/ud",https://www.carrefour.es/supermercado/recambio-cepillo-dental-electrico-total-clean-carrefour-5-ud-carrefour/R-fprod1190771/p
Perfumeria e higiene,Agua micelar Les Cosmétiques 400 ml.,"3,15 €","0,79 €/100ml",https://www.carrefour.es/supermercado/agua-micelar-les-cosmetiques-400-ml-les-cosmetiques/R-fprod1280565/p
Perfumeria e higiene,Desodorante en spray Men Motion Sense Active protección+ anti-transpirant Rexona 200 ml.,"2,88 €","1,44 €/100ml",https://www.carrefour.es/supermercado/desodorante-en-spray-men-motion-sense-active-proteccion-anti-transpirant-rexona-200-ml-rexona/R-prod720206/p
Perfumeria e higiene,Crema hidratante cara y cuerpo con aceite de jojoba y vitamina E Carrefour 250 ml.,"1,71 €","0,68 €/100ml",https://www.carrefour.es/supermercado/crema-hidratante-cara-y-cuerpo-con-aceite-de-jojoba-y-vitamina-e-carrefour-250-ml-carrefour/R-815722671/p
Perfumeria e higiene,Gel de ducha Nenuco Classic 750 ml.,"3,00 €","0,40 €/100ml",https://www.carrefour.es/supermercado/gel-de-ducha-nenuco-classic-750-ml-nenuco/R-prod1030054/p
Perfumeria e higiene,DESMA OJOS ESSENCIAL S.NAT 150,"3,30 €","2,20 €/100ml",https://www.carrefour.es/supermercado/desma-ojos-essencial-snat-150-garnier-skin-naturals/R-530363110/p
Perfumeria e higiene,Desodorante en spray Limones del Caribe Fa 200 ml.,"3,50 €","1,62 €/100ml",https://www.carrefour.es/supermercado/desodorante-en-spray-limones-del-caribe-fa-200-ml-fa/R-520664919/p
Perfumeria e higiene,Crema adhesiva para dentaduras postizas,"1,85 €","3,50 €/ud",https://www.carrefour.es/supermercado/crema-adhesiva-para-dentaduras-postizas-carrefour/R-756473924/p
Perfumeria e higiene,Laca de uñas 60 seconds super shine nº 340 Berries and Cream Rimmel 1 ud.,"3,65 €","1,85 €/ud",https://www.carrefour.es/supermercado/laca-de-unas-60-seconds-super-shine-n-340-berries-and-cream-rimmel-1-ud-rimmel/R-prod67885/p
Perfumeria e higiene,Coloración Permanente nº 6 Rubio Oscuro Garnier Color Sensation 1 ud.,"3,65 €","3,65 €/ud",https://www.carrefour.es/supermercado/coloracion-permanente-n-6-rubio-oscuro-garnier-color-sensation-1-ud-garnier-color-sensation/R-652602064/p
Perfumeria e higiene,"Coloración Permanente nº 6,35 Rubio Caramelo Garnier Color Sensation 1 ud.","3,80 €","3,65 €/ud",https://www.carrefour.es/supermercado/coloracion-permanente-n-6-35-rubio-caramelo-garnier-color-sensation-1-ud-garnier-color-sensation/R-652602066/p
Perfumeria e higiene,Mascarilla capilar nutritiva alisadora con aceite de coco y manteca de cacao Original Remedies 300 ml.,"8,70 €","1,27 €/100ml",https://www.carrefour.es/supermercado/mascarilla-capilar-nutritiva-alisadora-con-aceite-de-coco-y-manteca-de-cacao-original-remedies-300-ml-original-remedies/R-869702159/p
Perfumeria e higiene,Contorno de ojos Antiarrugas Nivea Q10 15 ml.,"1,24 €","58,00 €/100ml",https://www.carrefour.es/supermercado/contorno-de-ojos-antiarrugas-nivea-q10-15-ml-nivea-q10/R-520664069/p
Perfumeria e higiene,Gel de ducha Sales minerales Carrefour 750 ml.,"1,58 €","0,17 €/100ml",https://www.carrefour.es/supermercado/gel-de-ducha-sales-minerales-carrefour-750-ml-carrefour/R-prod1070622/p
Perfumeria e higiene,Crema hidratante aloe vera para piel normal y seca Naturally Good Nivea 350 ml.,"5,25 €","1,50 €/100ml",https://www.carrefour.es/supermercado/crema-hidratante-aloe-vera-para-piel-normal-y-seca-naturally-good-nivea-350-ml/R-VC4AECOMM-597534/p
Perfumeria e higiene,Crema stop tijeras Sin aclarado Dream long Pelo largo dañado L'Oréal Elvive 200 ml.,"4,80 €","2,40 €/100ml",https://www.carrefour.es/supermercado/crema-stop-tijeras-sin-aclarado-dream-long-pelo-largo-danado-loreal-elvive-200-ml-loreal-elvive/R-prod650230/p
Perfumeria e higiene,Jabón de manos en pastilla Granada Les Cosmétiques Néctar of Beauty pack de 2 unidades de 100 g.,"1,18 €","0,59 €/100g",https://www.carrefour.es/supermercado/jabon-de-manos-en-pastilla-granada-les-cosmetiques-nectar-of-beauty-pack-de-2-unidades-de-100-g-les-cosmetiques-nectar-of-beauty/R-829117930/p
Perfumeria e higiene,Desodorante en spray invisible for black & white Nivea pack de 2 unidades de 200 ml.,"5,40 €","1,35 €/100ml",https://www.carrefour.es/supermercado/desodorante-en-spray-invisible-for-black-white-nivea-pack-de-2-unidades-de-200-ml/R-prod1070227/p
Perfumeria e higiene,Acondicionador Micelar Purifica & Revitaliza Pro-V Pantene 300 ml.,"3,90 €","1,30 €/100ml",https://www.carrefour.es/supermercado/acondicionador-micelar-purifica-revitaliza-pro-v-pantene-300-ml-pantene/R-prod382058/p
Perfumeria e higiene,Desodorante en spray Fresh natural Nivea 150 ml.,"2,85 €","1,90 €/100ml",https://www.carrefour.es/supermercado/desodorante-en-spray-fresh-natural-nivea-150-ml-nivea/R-prod730993/p
Perfumeria e higiene,Esponja de baño suave surtido Carrefour 1 ud.,"1,61 €","1,61 €/ud",https://www.carrefour.es/supermercado/esponja-de-bano-suave-surtido-carrefour-1-ud/R-fprod1280747/p
Perfumeria e higiene,Mascarilla instantánea Rapid Reviver pelo dañado L'Oréal-Elvive 180 ml.,"4,15 €","2,07 €/100ml",https://www.carrefour.es/supermercado/mascarilla-instantanea-rapid-reviver-pelo-danado-loreal-elvive-180-ml-loreal-elvive/R-prod1120110/p
Perfumeria e higiene,Champú Repara & protege 3 en 1 Pantene 300 ml.,"4,20 €","1,40 €/100ml",https://www.carrefour.es/supermercado/champu-repara-protege-3-en-1-pantene-300-ml-pantene/R-prod871292/p
Perfumeria e higiene,Desodorante en spray dermo sensitive men Sanex 200 ml.,"3,11 €","15,55 €/100ml",https://www.carrefour.es/supermercado/desodorante-en-spray-dermo-sensitive-men-sanex-200-ml-sanex-men/R-829518749/p
Perfumeria e higiene,Champú cuidado arcilla/argila extraordinaria para cabellos normales o con tendencia a engrasarse L´Oréal -Elvive 690 ml.,"7,30 €","1,06 €/100ml",https://www.carrefour.es/supermercado/champu-cuidado-arcilla-argila-extraordinaria-para-cabellos-normales-o-con-tendencia-a-engrasarse-loreal-elvive-690-ml/R-fprod1460549/p
Perfumeria e higiene,Champú cabello teñido o con mechas Les Cosmétiques -Kera Science 400 ml.,"1,70 €","0,42 €/100ml",https://www.carrefour.es/supermercado/champu-cabello-tenido-o-con-mechas-les-cosmetiques-kera-science-400-ml-les-cosmetiques-kera-science/R-657301743/p
Perfumeria e higiene,Protegeslip transpirable con aloe vera natural Carefree 58 ud.,"2,70 €","0,05 €/ud",https://www.carrefour.es/supermercado/protegeslip-transpirable-con-aloe-vera-natural-carefree-58-ud-carefree/R-521000558/p
Perfumeria e higiene,Preservativos non stop dots&lines Control 12 ud.,"7,15 €","0,60 €/ud",https://www.carrefour.es/supermercado/preservativos-non-stop-dotslines-control-12-ud-control/R-521001013/p
Perfumeria e higiene,Cepillo dental 360º suave Colgate 1 ud.,"3,30 €","3,30 €/ud",https://www.carrefour.es/supermercado/cepillo-dental-360-suave-colgate-1-ud-colgate/R-521000289/p
Perfumeria e higiene,Tinte creme nº 4 Castaño L'Oréal Excellence 1 ud.,"7,95 €","7,95 €/ud",https://www.carrefour.es/supermercado/tinte-creme-n-4-castano-loreal-excellence-1-ud-loreal-excellence/R-520663539/p
Perfumeria e higiene,Acondicionador hidratante aloe vera Garnier 350 ml.,"5,15 €","1,47 €/100ml",https://www.carrefour.es/supermercado/acondicionador-hidratante-aloe-vera-garnier-350-ml/R-VC4AECOMM-442962/p
Perfumeria e higiene,Mascarilla peel off anti-puntos negros Garnier-Skin Active 1 ud.,"7,55 €","15,10 €/100ml",https://www.carrefour.es/supermercado/mascarilla-peel-off-anti-puntos-negros-garnier-skin-active-1-ud-garnier-skin-active/R-prod1010227/p
Perfumeria e higiene,Sérum ácido hialurónico revitalift filler L'Oréal 30 ml.,"21,75 €","72,50 €/100ml",https://www.carrefour.es/supermercado/serum-acido-hialuronico-revitalift-filler-loreal-30-ml/R-VC4AECOMM-477713/p
Perfumeria e higiene,Desmaquillante de ojos sensibles Carrefour 150 ml.,"1,71 €","1,14 €/100ml",https://www.carrefour.es/supermercado/desmaquillante-de-ojos-sensibles-carrefour-150-ml-carrefour/R-prod1120476/p
Perfumeria e higiene,Piedra quitadurezas Carrefour 1 ud.,"1,56 €","1,56 €/ud",https://www.carrefour.es/supermercado/piedra-quitadurezas-carrefour-1-ud-carrefour/R-521001086/p
Perfumeria e higiene,Bolas de algodón Dr. Sos 100 ud.,"1,23 €","0,01 €/ud",https://www.carrefour.es/supermercado/bolas-de-algodon-dr-sos-100-ud-dr-sos/R-814300271/p
Perfumeria e higiene,Agua de colonia familiar Puig 750 ml.,"3,55 €","0,47 €/100ml",https://www.carrefour.es/supermercado/agua-de-colonia-familiar-puig-750-ml-puig/R-520663735/p
Perfumeria e higiene,Protege & Cuida Espuma de Afeitar Protectora Nivea Men 200 ml.,"2,80 €","1,40 €/100ml",https://www.carrefour.es/supermercado/protege-cuida-espuma-de-afeitar-protectora-nivea-men-200-ml-nivea-men/R-521000807/p
Perfumeria e higiene,Gel fusion piel sensible Gillette 200 ml.,"4,55 €","2,27 €/100ml",https://www.carrefour.es/supermercado/gel-fusion-piel-sensible-gillette-200-ml-gillette/R-521000845/p
Perfumeria e higiene,Desodorante roll-on 24h antitranspirante y antimanchas Carrefour 50 ml.,"0,75 €","1,50 €/100ml",https://www.carrefour.es/supermercado/desodorante-roll-on-24h-antitranspirante-y-antimanchas-carrefour-50-ml-carrefour/R-797316660/p
Perfumeria e higiene,Gomas de pelo básica Ponette 1 ud.,"1,02 €","1,02 €/ud",https://www.carrefour.es/supermercado/gomas-de-pelo-basica-ponette-1-ud-ponette/R-prod930324/p
Perfumeria e higiene,Dentífrico pro-alivio sensitive Colgate 75 ml.,"4,25 €","5,67 €/100ml",https://www.carrefour.es/supermercado/dentifrico-pro-alivio-sensitive-colgate-75-ml-colgate/R-865100486/p
Perfumeria e higiene,Desechable Blue II Plus Gillette 10 ud.,"6,20 €","0,62 €/ud",https://www.carrefour.es/supermercado/desechable-blue-ii-plus-gillette-10-ud-gillette/R-531704989/p
Perfumeria e higiene,Aceite en crema oliva mítica sin aclarado Garnier Original Remedies 200 ml.,"2,60 €","1,30 €/100ml",https://www.carrefour.es/supermercado/aceite-en-crema-oliva-mitica-sin-aclarado-garnier-original-remedies-200-ml-original-remedies/R-801332647/p
Perfumeria e higiene,Crema de lavado delicado para cabellos teñidos o con mechas peonía roja Color Vive L'Oréal-Elvive 400 ml.,"6,10 €","1,52 €/100ml",https://www.carrefour.es/supermercado/crema-de-lavado-delicado-para-cabellos-tenidos-o-con-mechas-peonia-roja-color-vive-loreal-elvive-400-ml-loreal-elvive/R-851400410/p
Perfumeria e higiene,Dentífrico Protect Anti Sarro Dentalyss pack de 2 unidades de 75 ml.,"0,99 €","0,66 €/100ml",https://www.carrefour.es/supermercado/dentifrico-protect-anti-sarro-dentalyss-pack-de-2-unidades-de-75-ml-dentalyss/R-fprod1460547/p
Perfumeria e higiene,Maquinillas desechables extra3 essentials Wilkinson 4 ud.,"3,65 €","0,91 €/ud",https://www.carrefour.es/supermercado/maquinillas-desechables-extra3-essentials-wilkinson-4-ud-wilkinson/R-prod270500/p
Perfumeria e higiene,Acondicionador repara & fortalece con biotina & pro-bond complex repara 7 años en 1 uso Tresemmé 685 ml,"5,25 €","0,77 €/100ml",https://www.carrefour.es/supermercado/acondicionador-repara-fortalece-con-biotina-pro-bond-complex-repara-7-anos-en-1-uso-tresemme-685-ml/R-VC4AECOMM-468591/p
Perfumeria e higiene,Champú rizos pro Syoss 440 ml.,"3,95 €","0,90 €/100ml",https://www.carrefour.es/supermercado/champu-rizos-pro-syoss-440-ml/R-VC4AECOMM-566639/p
Perfumeria e higiene,Maquinillas desechables Xtreme3 Sensitive Wilkinson 5 ud.,"8,45 €","1,06 €/ud",https://www.carrefour.es/supermercado/maquinillas-desechables-xtreme3-sensitive-wilkinson-5-ud-wilkinson/R-793104256/p
Perfumeria e higiene,CHA.PURIFICANT.FLEX REVLON 650,"3,10 €","0,48 €/100ml",https://www.carrefour.es/supermercado/chapurificantflex-revlon-650-flex/R-526413529/p
Perfumeria e higiene,Mascarilla para cabello seco Total Repair Gliss 20 ml.,"1,04 €","5,20 €/100ml",https://www.carrefour.es/supermercado/mascarilla-para-cabello-seco-total-repair-gliss-20-ml-gliss/R-546306624/p
Perfumeria e higiene,Mascarilla de aceite de argán Herbal Essences 250 ml.,"3,99 €","1,60 €/100ml",https://www.carrefour.es/supermercado/mascarilla-de-aceite-de-argan-herbal-essences-250-ml-herbal-essences/R-fprod1270233/p
Perfumeria e higiene,Tampones superplus Tampax 30 ud.,"4,95 €","0,16 €/ud",https://www.carrefour.es/supermercado/tampones-superplus-tampax-30-ud-tampax/R-521000522/p
Perfumeria e higiene,Champú suave y liso Pantene 1000 ml.,"10,35 €","1,03 €/100ml",https://www.carrefour.es/supermercado/champu-suave-y-liso-pantene-1000-ml/R-VC4AECOMM-459393/p
Perfumeria e higiene,Compresas perdidas leves mini Indasec 20 ud.,"3,15 €","0,16 €/ud",https://www.carrefour.es/supermercado/compresas-perdidas-leves-mini-indasec-20-ud-indasec/R-546307064/p
Perfumeria e higiene,Gel de ducha Original Tulipán Negro 600 ml.,"2,10 €","0,35 €/100ml",https://www.carrefour.es/supermercado/gel-de-ducha-original-tulipan-negro-600-ml-tulipan-negro/R-729902564/p
Perfumeria e higiene,Protector absorbente 60x90 cm IndasBed 20 ud.,"8,40 €","0,42 €/ud",https://www.carrefour.es/supermercado/protector-absorbente-60x90-cm-indasbed-20-ud-indasbed/R-785221994/p
Perfumeria e higiene,Crema cuidado integral para pieles atópicas Instituto Español 400 ml.,"5,60 €","1,40 €/100ml",https://www.carrefour.es/supermercado/crema-cuidado-integral-para-pieles-atopicas-instituto-espanol-400-ml-instituto-espanol/R-801905810/p
Perfumeria e higiene,Horquilla clásicas negras Ponette 20 ud.,"1,61 €","0,08 €/ud",https://www.carrefour.es/supermercado/horquilla-clasicas-negras-ponette-20-ud-ponette/R-prod930267/p
Perfumeria e higiene,Tampones compak multi-pack (8 regular + 8 super) Tampax 16 ud.,"3,10 €","0,19 €/ud",https://www.carrefour.es/supermercado/tampones-compak-multi-pack-8-regular-8-super-tampax-16-ud-tampax/R-828238278/p
Perfumeria e higiene,Tinte creme nº 7.1 Rubio Ceniza L'Oréal Excellence 1 ud.,"7,95 €","7,95 €/ud",https://www.carrefour.es/supermercado/tinte-creme-n-71-rubio-ceniza-loreal-excellence-1-ud-loreal-excellence/R-521007983/p
Perfumeria e higiene,Cepillo dental con ventosa y mango ergonómico antideslizante +7años Carrefour Kids 1 ud.,"0,99 €","0,99 €/ud",https://www.carrefour.es/supermercado/cepillo-dental-con-ventosa-y-mango-ergonomico-antideslizante-7anos-carrefour-kids-1-ud-carrefour-kids/R-prod720319/p
Perfumeria e higiene,Enjuague bucal plax soft mint Colgate 100 ml.,"1,07 €","1,07 €/100ml",https://www.carrefour.es/supermercado/enjuague-bucal-plax-soft-mint-colgate-100-ml-colgate/R-prod871310/p
Perfumeria e higiene,Ampollas superalimento BB7 Pantene 3 unidades de 15ml.,"3,95 €","8,78 €/100ml",https://www.carrefour.es/supermercado/ampollas-superalimento-bb7-pantene-3-unidades-de-15ml-pantene/R-prod890042/p
Perfumeria e higiene,Champú fortificante Nutri Repair Butter para cabello muy seco y dañado Garnier-Fructis 360 ml.,"3,59 €","1,00 €/100ml",https://www.carrefour.es/supermercado/champu-fortificante-nutri-repair-butter-para-cabello-muy-seco-y-danado-garnier-fructis-360-ml-garnier-fructis/R-prod64603/p
Perfumeria e higiene,Agua de colonia clásica Amalfi 750 ml.,"1,40 €","0,19 €/100ml",https://www.carrefour.es/supermercado/agua-de-colonia-clasica-amalfi-750-ml-amalfi/R-804031069/p
Perfumeria e higiene,Champú a la camomila para cabello rubio o castaño claro Eugene 250 ml.,"5,15 €","2,06 €/100ml",https://www.carrefour.es/supermercado/champu-a-la-camomila-para-cabello-rubio-o-castano-claro-eugene-250-ml-eugene/R-522713513/p
Perfumeria e higiene,Gel limpiador detox con citronela ecológico Garnier 150 ml.,"6,15 €","4,10 €/100ml",https://www.carrefour.es/supermercado/gel-limpiador-detox-con-citronela-ecologico-garnier-150-ml/R-prod1161004/p
Perfumeria e higiene,Desodorante stick para hombre Captain Old Spice 50 ml.,"3,60 €","6,70 €/100ml",https://www.carrefour.es/supermercado/desodorante-stick-para-hombre-captain-old-spice-50-ml-old-spice/R-fprod1190544/p
Perfumeria e higiene,Champú en seco volumen inmediato Batiste 200 ml.,"1,92 €","1,80 €/100ml",https://www.carrefour.es/supermercado/champu-en-seco-volumen-inmediato-batiste-200-ml-batiste/R-prod830250/p
Perfumeria e higiene,Crema hidratante pies aloe vera Babaria 100 ml.,"1,99 €","1,92 €/100ml",https://www.carrefour.es/supermercado/crema-hidratante-pies-aloe-vera-babaria-100-ml-babaria/R-664502240/p
Perfumeria e higiene,Jabón de manos de coco Babaria 500 ml.,"15,00 €","0,40 €/100ml",https://www.carrefour.es/supermercado/jabon-de-manos-de-coco-babaria-500-ml-babaria/R-671301866/p
Perfumeria e higiene,Pants plus talla L (50-64) Tena 14 ud.,"2,75 €","1,07 €/ud",https://www.carrefour.es/supermercado/pants-plus-talla-l-50-64-tena-14-ud-tena/R-521010882/p
Perfumeria e higiene,Compresas para pequeñas pérdidas de orina ' Absodys Control ' mini Carrefour 20 ud.,"3,05 €","0,14 €/ud",https://www.carrefour.es/supermercado/compresas-para-pequenas-perdidas-de-orina-absodys-control-mini-carrefour-20-ud-carrefour/R-521000603/p
Perfumeria e higiene,Desodorante roll-on pieles atópicas Instituto Español 75 ml.,"3,95 €","4,07 €/100ml",https://www.carrefour.es/supermercado/desodorante-roll-on-pieles-atopicas-instituto-espanol-75-ml-instituto-espanol/R-782778837/p
Perfumeria e higiene,Gel íntimo pieles atópicas Instituto Español 300 ml.,"3,60 €","1,32 €/100ml",https://www.carrefour.es/supermercado/gel-intimo-pieles-atopicas-instituto-espanol-300-ml-instituto-espanol/R-782754348/p
Perfumeria e higiene,Gel íntimo ph 3.5 Extra protección Chilly 200 ml.,"3,99 €","1,80 €/100ml",https://www.carrefour.es/supermercado/gel-intimo-ph-35-extra-proteccion-chilly-200-ml-chilly/R-prod460159/p
Perfumeria e higiene,Acondicionador purificante fresa blanca & menta dulce bío:renew Herbal Essences 400 ml.,"4,15 €","1,00 €/100ml",https://www.carrefour.es/supermercado/acondicionador-purificante-fresa-blanca-menta-dulce-biorenew-herbal-essences-400-ml-herbal-essences/R-prod650091/p
Perfumeria e higiene,Dentífrico blanqueador expert menta fresca Max White Colgate 75 ml.,"7,15 €","5,53 €/100ml",https://www.carrefour.es/supermercado/dentifrico-blanqueador-expert-menta-fresca-max-white-colgate-75-ml-colgate/R-810189276/p
Perfumeria e higiene,Preservativos non stop retard Control 12 ud.,"1,82 €","0,60 €/ud",https://www.carrefour.es/supermercado/preservativos-non-stop-retard-control-12-ud-control/R-521001015/p
Perfumeria e higiene,Enjuague bucal plax multiprotección Colgate 250 ml.,"4,15 €","0,73 €/100ml",https://www.carrefour.es/supermercado/enjuague-bucal-plax-multiproteccion-colgate-250-ml-colgate/R-621002566/p
Perfumeria e higiene,Mascarilla instantánea calor-vive pelo teñido Rapid Reviver L'Oréal-Elvive 180 ml.,"0,61 €","2,31 €/100ml",https://www.carrefour.es/supermercado/mascarilla-instantanea-calor-vive-pelo-tenido-rapid-reviver-loreal-elvive-180-ml-loreal-elvive/R-prod1120108/p
Perfumeria e higiene,Dentífrico Fresh xtrem Dentalyss 75 ml.,"3,39 €","0,81 €/100ml",https://www.carrefour.es/supermercado/dentifrico-fresh-xtrem-dentalyss-75-ml-dentalyss/R-fprod1460580/p
Perfumeria e higiene,Acondicionador suave con perfume de flor de tiaré y jugo de aloe vera ecologico Nectar Of Bio 200 ml.,"4,80 €","1,69 €/100ml",https://www.carrefour.es/supermercado/acondicionador-suave-con-perfume-de-flor-de-tiare-y-jugo-de-aloe-vera-ecologico-nectar-of-bio-200-ml/R-VC4AECOMM-462142/p
Mascotas,Pienso de salmón con arroz para perro adulto Purina Beyond Bio 700 g.,"6,95 €","9,93 €/kg",https://www.carrefour.es/supermercado/pienso-de-salmon-con-arroz-para-perro-adulto-purina-beyond-bio-700-g/R-VC4AECOMM-488324/p
Mascotas,"Arena Absorbente Higiénica 10 Kg, Carrefour","2,20 €","0,14 €/l",https://www.carrefour.es/supermercado/arena-absorbente-higienica-10-kg-carrefour-carrefour/R-521034079/p
Mascotas,"Arena Perlas para Gato Vitakraft Gel Silice 4,2 L","5,90 €","1,40 €/l",https://www.carrefour.es/supermercado/arena-perlas-para-gato-vitakraft-gel-silice-4-2-l-vitakraft/R-720862001/p
Mascotas,"Arena Absorbente Perfumada 5 Kg, Carrefour","1,35 €","0,17 €/l",https://www.carrefour.es/supermercado/arena-absorbente-perfumada-5-kg-carrefour-carrefour/R-521007811/p
Mascotas,"Arena Absorbente Perfumada 10 Kg, Carrefour","2,70 €","0,17 €/l",https://www.carrefour.es/supermercado/arena-absorbente-perfumada-10-kg-carrefour-carrefour/R-521034081/p
Mascotas,Bolsas higiénicas para perro Vitakraft,"2,00 €","0,02 €/ud",https://www.carrefour.es/supermercado/bolsas-higienicas-para-perro-vitakraft-vitakraft/R-720861546/p
Mascotas,Purina Gourmet Gold Comida Húmeda para Gato Mousse Surtido 12x85g,"6,80 €","6,67 €/kg",https://www.carrefour.es/supermercado/purina-gourmet-gold-comida-humeda-para-gato-mousse-surtido-12x85g-gourmet-gold/R-720861425/p
Mascotas,Arena Aglomerante para Gatos 10l Carrefour,"5,95 €","0,59 €/l",https://www.carrefour.es/supermercado/arena-aglomerante-para-gatos-10l-carrefour-carrefour/R-800038898/p
Mascotas,Alimento Húmedo para Gato con Pollo y Zanahorias 400gr,"0,31 €","0,77 €/kg",https://www.carrefour.es/supermercado/alimento-humedo-para-gato-con-pollo-y-zanahorias-400gr-carrefour/R-550901711/p
Mascotas,Ultima Pienso para Gato Esterilizado Sabor pollo 3kg,"14,25 €","4,75 €/kg",https://www.carrefour.es/supermercado/ultima-pienso-para-gato-esterilizado-sabor-pollo-3kg-ultima/R-550901695/p
Mascotas,Alimento Húmedo para Gato con Atún y Zanahorias 400gr,"0,31 €","0,77 €/kg",https://www.carrefour.es/supermercado/alimento-humedo-para-gato-con-atun-y-zanahorias-400gr-carrefour/R-550901709/p
Mascotas,Ultima Pienso para Gato Esterelizado Sabor salmón 3kg,"14,25 €","4,75 €/kg",https://www.carrefour.es/supermercado/ultima-pienso-para-gato-esterelizado-sabor-salmon-3kg-ultima/R-758202880/p
Mascotas,"Brekkies Pienso para Gato Adultos buey, ternera y verduras 4 kg","8,05 €","2,01 €/kg",https://www.carrefour.es/supermercado/brekkies-pienso-para-gato-adultos-buey-ternera-y-verduras-4-kg-brekkies/R-521007740/p
Mascotas,Purina Felix Comida Húmeda para Gato Gelatina Selección Surtido de Carnes 12x100g,"4,50 €","3,75 €/kg",https://www.carrefour.es/supermercado/purina-felix-comida-humeda-para-gato-gelatina-seleccion-surtido-de-carnes-12x100g-felix/R-550901753/p
Mascotas,Purina Friskies Pienso para Gato Adulto Bacalao y Verduras 4Kg,"7,95 €","1,99 €/kg",https://www.carrefour.es/supermercado/purina-friskies-pienso-para-gato-adulto-bacalao-y-verduras-4kg-friskies/R-521007726/p
Mascotas,Carrefour Comida Húmeda para Perro de Buey 300g,"0,55 €","1,83 €/kg",https://www.carrefour.es/supermercado/carrefour-comida-humeda-para-perro-de-buey-300g-carrefour/R-521007882/p
Mascotas,"Brekkies Pienso para Gato Adultos salmón, atún y verdura 4 kg","8,05 €","2,01 €/kg",https://www.carrefour.es/supermercado/brekkies-pienso-para-gato-adultos-salmon-atun-y-verdura-4-kg-brekkies/R-521007738/p
Mascotas,Snack para perros Frolic smiley sticks 175 g.,"1,63 €","0,23 €/ud",https://www.carrefour.es/supermercado/snack-para-perros-frolic-smiley-sticks-175-g-frolic/R-720860859/p
Mascotas,Snack para perros Purina Friskies Funtastix 175 g.,"1,90 €","10,86 €/kg",https://www.carrefour.es/supermercado/snack-para-perros-purina-friskies-funtastix-175-g-friskies/R-720868064/p
Mascotas,Pienso de buey para perros Brekkies Mix Excel 15 Kg.,"23,45 €","1,56 €/kg",https://www.carrefour.es/supermercado/pienso-de-buey-para-perros-brekkies-mix-excel-15-kg-brekkies/R-550701824/p
Mascotas,"Purina Friskies Pienso para Gato Adulto Conejo, Pollo y Verduras 4Kg","7,95 €","1,99 €/kg",https://www.carrefour.es/supermercado/purina-friskies-pienso-para-gato-adulto-conejo-pollo-y-verduras-4kg-friskies/R-550901889/p
Mascotas,Purina Felix Comida Húmeda para Gato Fantastic Selección Festín del Mar en Gelatina 12x100g,"5,85 €","4,87 €/kg",https://www.carrefour.es/supermercado/purina-felix-comida-humeda-para-gato-fantastic-seleccion-festin-del-mar-en-gelatina-12x100g-felix/R-791585664/p
Mascotas,Pienso de pollo y cereales para perros adultos Brekkies 15 Kg.,"23,45 €","1,56 €/kg",https://www.carrefour.es/supermercado/pienso-de-pollo-y-cereales-para-perros-adultos-brekkies-15-kg-brekkies/R-521033994/p
Mascotas,"Croquetas para Gato Carne, Carrefour","4,60 €","1,15 €/kg",https://www.carrefour.es/supermercado/croquetas-para-gato-carne-carrefour-carrefour/R-521013563/p
Mascotas,Snack dental Carrefour para perros medianos o grandes pack 7 sticks,"1,24 €","6,89 €/kg",https://www.carrefour.es/supermercado/snack-dental-carrefour-para-perros-medianos-o-grandes-pack-7-sticks-carrefour/R-prod240528/p
Mascotas,Ultima Pienso para Gato Esterilizado control bolas de Pelo Sabor Pavo 3kg.,"14,25 €","4,75 €/kg",https://www.carrefour.es/supermercado/ultima-pienso-para-gato-esterilizado-control-bolas-de-pelo-sabor-pavo-3kg-ultima/R-prod190252/p
Mascotas,Pienso de pollo y cereales para perros adultos Dream 20 Kg.,"10,39 €","0,52 €/kg",https://www.carrefour.es/supermercado/pienso-de-pollo-y-cereales-para-perros-adultos-dream-20-kg-dream/R-720861155/p
Mascotas,Purina Friskies Pienso para Gatos Esterilizados Gato Adulto Pavo y Verduras 3Kg,"7,75 €","2,58 €/kg",https://www.carrefour.es/supermercado/purina-friskies-pienso-para-gatos-esterilizados-gato-adulto-pavo-y-verduras-3kg-friskies/R-prod231270/p
Mascotas,"Alimento Húmedo para Gatos Pescado 12x100 gr, Carrefour","2,89 €","2,41 €/kg",https://www.carrefour.es/supermercado/alimento-humedo-para-gatos-pescado-12x100-gr-carrefour-carrefour/R-720861151/p
Mascotas,Carrefour Comida Húmeda para Perros de Buey 1200g,"1,27 €","1,03 €/kg",https://www.carrefour.es/supermercado/carrefour-comida-humeda-para-perros-de-buey-1200g-carrefour/R-720860925/p
Mascotas,Pienso para perro adulto bon menú Receta Mediterránea 4 Kg.,"6,00 €","1,50 €/kg",https://www.carrefour.es/supermercado/pienso-para-perro-adulto-bon-menu-receta-mediterranea-4-kg-bon-menu/R-521007863/p
Mascotas,Pienso de buey para perro adulto Purina Friskies Vitafit Active 15 Kg.,"23,55 €","1,57 €/kg",https://www.carrefour.es/supermercado/pienso-de-buey-para-perro-adulto-purina-friskies-vitafit-active-15-kg-friskies/R-550701732/p
Mascotas,Catisfactions Premios para Gatos Sabor Pollo 60gr,"1,49 €","24,83 €/kg",https://www.carrefour.es/supermercado/catisfactions-premios-para-gatos-sabor-pollo-60gr-catisfaction/R-720868262/p
Mascotas,Purina Felix Comida Húmeda para Gato Gelatina Pollo y Pato 400g,"0,74 €","1,90 €/kg",https://www.carrefour.es/supermercado/purina-felix-comida-humeda-para-gato-gelatina-pollo-y-pato-400g-felix/R-521013115/p
Mascotas,Purina Gourmet Gold Comida Húmeda para Gato Doble Placer Surtido 12x85g,"6,85 €","6,72 €/kg",https://www.carrefour.es/supermercado/purina-gourmet-gold-comida-humeda-para-gato-doble-placer-surtido-12x85g-gourmet-gold/R-789471424/p
Mascotas,Carrefour Comida Húmeda para Perros Adulto de Pavo con Zanahorias 300g,"0,55 €","1,83 €/kg",https://www.carrefour.es/supermercado/carrefour-comida-humeda-para-perros-adulto-de-pavo-con-zanahorias-300g-carrefour/R-720861035/p
Mascotas,Arena para Gato Sanicat 7 Days 4 L,"2,95 €","0,74 €/l",https://www.carrefour.es/supermercado/arena-para-gato-sanicat-7-days-4-l-sanycat/R-720861708/p
Mascotas,Ultima Pienso para Gato Adulto Esterilizado Sabor buey 3kg.,"14,25 €","4,75 €/kg",https://www.carrefour.es/supermercado/ultima-pienso-para-gato-adulto-esterilizado-sabor-buey-3kg-ultima/R-prod190253/p
Mascotas,Snack de bacón para perros Purina Friskies Bon Bacon 120 g.,"1,99 €","16,58 €/kg",https://www.carrefour.es/supermercado/snack-de-bacon-para-perros-purina-friskies-bon-bacon-120-g-friskies/R-775006182/p
Mascotas,Brekkies Pienso para Gato esterilizados 3 kg,"8,45 €","2,82 €/kg",https://www.carrefour.es/supermercado/brekkies-pienso-para-gato-esterilizados-3-kg-brekkies/R-720861331/p
Mascotas,Catisfactions Premios para Gatos Sabor Salmón 60gr,"1,49 €","24,83 €/kg",https://www.carrefour.es/supermercado/catisfactions-premios-para-gatos-sabor-salmon-60gr-catisfaction/R-720868260/p
Mascotas,"Purina Tidy Cats Arena para Gatos Aglomerante Dual Power 6,35Kg","12,30 €","1,93 €/kg",https://www.carrefour.es/supermercado/purina-tidy-cats-arena-para-gatos-aglomerante-dual-power-6-35kg-purina/R-720860947/p
Mascotas,Pienso de carne para gatos adultos Dream 4 Kg,"3,80 €","0,95 €/kg",https://www.carrefour.es/supermercado/pienso-de-carne-para-gatos-adultos-dream-4-kg-dream/R-720863247/p
Mascotas,Carrefour Snacks Mix Galletas para Perro 550g,"1,20 €","2,40 €/kg",https://www.carrefour.es/supermercado/carrefour-snacks-mix-galletas-para-perro-550g-carrefour/R-527031238/p
Mascotas,Carrefour Galletas Rellenas para Perro 500g,"1,30 €","2,60 €/kg",https://www.carrefour.es/supermercado/carrefour-galletas-rellenas-para-perro-500g-carrefour/R-530325396/p
Mascotas,"Purina Gourmet Mon Petit Comida Húmeda para Gato Atún, Salmón y Trucha 6x50g","2,50 €","8,33 €/kg",https://www.carrefour.es/supermercado/purina-gourmet-mon-petit-comida-humeda-para-gato-atun-salmon-y-trucha-6x50g-gourmet-mon-petit/R-777106232/p
Mascotas,Purina Felix Comida Húmeda para Gato Gelatina Buey e Hígado 400g,"0,74 €","1,90 €/kg",https://www.carrefour.es/supermercado/purina-felix-comida-humeda-para-gato-gelatina-buey-e-higado-400g-felix/R-521013117/p
Mascotas,Purina Felix Comida Húmeda para Gato Gelatina Surtido Pescados 4x100g,"1,49 €","3,72 €/kg",https://www.carrefour.es/supermercado/purina-felix-comida-humeda-para-gato-gelatina-surtido-pescados-4x100g-felix/R-550901887/p
Mascotas,"Purina ONE Pienso para Gato Adulto Esterilizado Salmón y Trigo 1,5Kg","6,90 €","4,60 €/kg",https://www.carrefour.es/supermercado/purina-one-pienso-para-gato-adulto-esterilizado-salmon-y-trigo-1-5kg-one/R-550901641/p
Mascotas,"Purina ONE Bifensis Pienso para Gato Junior Pollo y Cereales 1,5Kg","6,90 €","4,60 €/kg",https://www.carrefour.es/supermercado/purina-one-bifensis-pienso-para-gato-junior-pollo-y-cereales-1-5kg-one/R-720868282/p
Mascotas,Ultima Comida Húmeda para Gato Esterilizado Sabor pollo y salmón 4x85gr.,"2,80 €","8,24 €/kg",https://www.carrefour.es/supermercado/ultima-comida-humeda-para-gato-esterilizado-sabor-pollo-y-salmon-4x85gr-ultima/R-prod73124/p
Mascotas,Dentastix de uso diario para la limpieza dental de perros pequeños Pedigree pack de 28 unidades,"8,00 €","0,29 €/ud",https://www.carrefour.es/supermercado/dentastix-de-uso-diario-para-la-limpieza-dental-de-perros-pequenos-pedigree-pack-de-28-unidades-pedigree/R-550701490/p
Mascotas,Sticks snacks para perros Purina Adventuros aroma a búfalo 120 g.,"1,65 €","13,75 €/kg",https://www.carrefour.es/supermercado/sticks-snacks-para-perros-purina-adventuros-aroma-a-bufalo-120-g-purina/R-842200518/p
Mascotas,Purina Felix Snacks para Gato Party Mix Oceano 60g,"1,54 €","25,67 €/kg",https://www.carrefour.es/supermercado/purina-felix-snacks-para-gato-party-mix-oceano-60g-felix/R-720860883/p
Mascotas,Vitakraft Vegetal Clean Papel Lecho Higiénico 10l,"9,45 €","0,71 €/l",https://www.carrefour.es/supermercado/vitakraft-vegetal-clean-papel-lecho-higienico-10l-vitakraft/R-720861163/p
Mascotas,Snacks dental para perros medianos Pedigree Dentastix pack de 28 unidades,"16,95 €","0,36 €/ud",https://www.carrefour.es/supermercado/snacks-dental-para-perros-medianos-pedigree-dentastix-pack-de-28-unidades-pedigree/R-530325406/p
Mascotas,"Arena Perlas para Gato Vitakraft Gel Silice 7,5 Kg","1,49 €","2,26 €/kg",https://www.carrefour.es/supermercado/arena-perlas-para-gato-vitakraft-gel-silice-7-5-kg-vitakraft/R-720860713/p
Mascotas,Catisfactions Premios para Gatos Sabor Buey 60gr,"1,11 €","1,49 €/ud",https://www.carrefour.es/supermercado/catisfactions-premios-para-gatos-sabor-buey-60gr-catisfaction/R-827510698/p
Mascotas,Whiskas Premios en Forma de Sticks para Gatos Sabor Salmón 18gr,"5,60 €","1,11 €/ud",https://www.carrefour.es/supermercado/whiskas-premios-en-forma-de-sticks-para-gatos-sabor-salmon-18gr-whiskas/R-720861017/p
Mascotas,"Pienso de pollo para perro adulto Mini Ultima 1,5 Kg.","6,80 €","3,73 €/kg",https://www.carrefour.es/supermercado/pienso-de-pollo-para-perro-adulto-mini-ultima-1-5-kg-ultima/R-550701814/p
Mascotas,Purina Gourmet Gold Comida Húmeda para Gato Fondant Surtido 12x85g,"0,29 €","0,57 €/ud",https://www.carrefour.es/supermercado/purina-gourmet-gold-comida-humeda-para-gato-fondant-surtido-12x85g-gourmet-gold/R-prod720105/p
Mascotas,"Tarrina para Gato de Pollo 100 gr, Carrefour","6,95 €","2,90 €/kg",https://www.carrefour.es/supermercado/tarrina-para-gato-de-pollo-100-gr-carrefour-carrefour/R-550901833/p
Mascotas,"Pienso de pollo para perros adultos Yorkshire Terrier Ultima 1,5 Kg.","0,35 €","4,63 €/kg",https://www.carrefour.es/supermercado/pienso-de-pollo-para-perros-adultos-yorkshire-terrier-ultima-1-5-kg-ultima/R-720861341/p
Mascotas,"Alimento Húmedo para Gatos de Conejo 100 gr, Carrefour","6,90 €","3,50 €/kg",https://www.carrefour.es/supermercado/alimento-humedo-para-gatos-de-conejo-100-gr-carrefour-carrefour/R-521007762/p
Mascotas,"Purina ONE Bifensis Pienso para Gatos Esterilizados Pollo y Trigo 1,5Kg","23,55 €","4,60 €/kg",https://www.carrefour.es/supermercado/purina-one-bifensis-pienso-para-gatos-esterilizados-pollo-y-trigo-1-5kg-one/R-prod90154/p
Mascotas,Pienso de pollo y verduras para perro adulto Purina Friskies Vitafit Complete 15 Kg.,"5,85 €","1,57 €/kg",https://www.carrefour.es/supermercado/pienso-de-pollo-y-verduras-para-perro-adulto-purina-friskies-vitafit-complete-15-kg-friskies/R-790212176/p
Mascotas,Purina Felix Comida Húmeda para Gato Fantastic Gelatina Selecciones Favoritas 12x100g,"2,01 €","4,87 €/kg",https://www.carrefour.es/supermercado/purina-felix-comida-humeda-para-gato-fantastic-gelatina-selecciones-favoritas-12x100g-felix/R-774706393/p
Mascotas,Snack para perros Purina Friskies B-Steaks 150 g.,"1,85 €","13,40 €/kg",https://www.carrefour.es/supermercado/snack-para-perros-purina-friskies-b-steaks-150-g-friskies/R-527031130/p
Mascotas,Snacks dental para perro pequeño Purina Dentalife 115 g. 7 unidades,"0,69 €","16,09 €/kg",https://www.carrefour.es/supermercado/snacks-dental-para-perro-pequeno-purina-dentalife-115-g-7-unidades-dentalife/R-865000580/p
Mascotas,Purina Gourmet Gold Comida Húmeda para Gato Tartalette Pollo y Zanahoria 85g,"13,95 €","8,12 €/kg",https://www.carrefour.es/supermercado/purina-gourmet-gold-comida-humeda-para-gato-tartalette-pollo-y-zanahoria-85g-gourmet-gold/R-842010585/p
Mascotas,Pienso de buey para perros adultos Carrefour 20 Kg.,"2,95 €","0,70 €/kg",https://www.carrefour.es/supermercado/pienso-de-buey-para-perros-adultos-carrefour-20-kg-carrefour/R-521034225/p
Mascotas,Carrefour Snacks para Perro de Pollo 8 unidades,"2,45 €","0,31 €/ud",https://www.carrefour.es/supermercado/carrefour-snacks-para-perro-de-pollo-8-unidades-carrefour/R-prod880292/p
Mascotas,Snoby Comida para Periquitos 500g,"0,65 €","1,30 €/kg",https://www.carrefour.es/supermercado/snoby-comida-para-periquitos-500g/R-794633440/p
Mascotas,Purina Gourmet Gold Comida Húmeda para Gato Mousse Surtido 8x85g,"4,65 €","6,84 €/kg",https://www.carrefour.es/supermercado/purina-gourmet-gold-comida-humeda-para-gato-mousse-surtido-8x85g-gourmet-gold/R-521007748/p
Mascotas,Carrefour Comida Húmeda para Perros Cachorros de Pollo y Arroz 400g,"0,64 €","1,60 €/kg",https://www.carrefour.es/supermercado/carrefour-comida-humeda-para-perros-cachorros-de-pollo-y-arroz-400g-carrefour/R-527030720/p
Mascotas,Pienso de pollo para perro Medium Maxi Ultima 12 kg.,"38,00 €","3,17 €/kg",https://www.carrefour.es/supermercado/pienso-de-pollo-para-perro-medium-maxi-ultima-12-kg-ultima/R-832204908/p
Mascotas,Pienso para perro adulto Bon Menú Receta Mediterránea 4 Kg.,"6,00 €","1,50 €/kg",https://www.carrefour.es/supermercado/pienso-para-perro-adulto-bon-menu-receta-mediterranea-4-kg-bon-menu/R-521007861/p
Mascotas,Carrefour Comida Húmeda para Perro de Pollo 400g,"0,50 €","1,25 €/kg",https://www.carrefour.es/supermercado/carrefour-comida-humeda-para-perro-de-pollo-400g-carrefour/R-818300665/p
Mascotas,Snacks dental para perros grandes Pedigree Daily Oral Care Dentastix pack de 28 unidades,"12,05 €","44,63 €/kg",https://www.carrefour.es/supermercado/snacks-dental-para-perros-grandes-pedigree-daily-oral-care-dentastix-pack-de-28-unidades-pedigree/R-720861109/p
Mascotas,Ultima Pienso para Gato Bolas de Pelo Sabor Pavo 3kg.,"14,45 €","4,82 €/kg",https://www.carrefour.es/supermercado/ultima-pienso-para-gato-bolas-de-pelo-sabor-pavo-3kg-ultima/R-550901603/p
Mascotas,Alfombra Absorbente para Cachorros 60 x 60,"2,95 €","2,95 €/ud",https://www.carrefour.es/supermercado/alfombra-absorbente-para-cachorros-60-x-60-carrefour/R-720861071/p
Mascotas,Purina Felix Comida Húmeda para Gato Junior Fantastic Selecciones Favoritas 4x100g,"2,00 €","5,00 €/kg",https://www.carrefour.es/supermercado/purina-felix-comida-humeda-para-gato-junior-fantastic-selecciones-favoritas-4x100g-felix/R-791585690/p
Mascotas,Purina Felix Comida Húmeda para Gato Sensations Gelatinas Selección Surtido de Carnes 12x100g,"6,30 €","5,25 €/kg",https://www.carrefour.es/supermercado/purina-felix-comida-humeda-para-gato-sensations-gelatinas-seleccion-surtido-de-carnes-12x100g-felix/R-800059026/p
Mascotas,"Croquetas para Gato Atún y Salmón 4 Kg, Carrefour","4,60 €","1,15 €/kg",https://www.carrefour.es/supermercado/croquetas-para-gato-atun-y-salmon-4-kg-carrefour-carrefour/R-525878190/p
Mascotas,Catisfactions Premios para Gatos Sabor Mixto de Queso y Salmón 60gr,"1,49 €","24,83 €/kg",https://www.carrefour.es/supermercado/catisfactions-premios-para-gatos-sabor-mixto-de-queso-y-salmon-60gr-catisfaction/R-827510652/p
Mascotas,Purina Felix Snacks para Gatos Party Mix Grill 60g,"1,54 €","25,67 €/kg",https://www.carrefour.es/supermercado/purina-felix-snacks-para-gatos-party-mix-grill-60g-felix/R-720860875/p
Mascotas,Salchicha de hígado y buey para perro Canibaq 1 Kg.,"1,35 €","1,35 €/kg",https://www.carrefour.es/supermercado/salchicha-de-higado-y-buey-para-perro-canibaq-1-kg-canibaq/R-prod270997/p
Mascotas,Pienso de pescado para gatos adultos Dream 4 Kg,"3,80 €","0,95 €/kg",https://www.carrefour.es/supermercado/pienso-de-pescado-para-gatos-adultos-dream-4-kg-dream/R-720863222/p
Mascotas,Pienso de buey para perros adultos Brekkies 3 Kg.,"6,60 €","2,20 €/kg",https://www.carrefour.es/supermercado/pienso-de-buey-para-perros-adultos-brekkies-3-kg-brekkies/R-526565706/p
Mascotas,Purina Felix Snacks para Gatos Party Mix Original 60g,"1,54 €","25,67 €/kg",https://www.carrefour.es/supermercado/purina-felix-snacks-para-gatos-party-mix-original-60g-felix/R-720860873/p
Mascotas,Purina Felix Comida Húmeda para Gato Sensations Gelatina Selección Surtido de Pescados 12x100g,"5,95 €","4,96 €/kg",https://www.carrefour.es/supermercado/purina-felix-comida-humeda-para-gato-sensations-gelatina-seleccion-surtido-de-pescados-12x100g-felix/R-prod720088/p
Mascotas,Snack para perro Purina Friskies Picnic Variety 126 g.,"2,05 €","0,14 €/ud",https://www.carrefour.es/supermercado/snack-para-perro-purina-friskies-picnic-variety-126-g-friskies/R-525603465/p
Mascotas,Hanseaten Heno para Roedores 1Kg,"3,25 €","3,25 €/kg",https://www.carrefour.es/supermercado/hanseaten-heno-para-roedores-1kg/R-859600462/p
Mascotas,Whiskas Multipack de 12 Bolsitas para Gatos Adultos Selección de Carnes 100gr,"4,95 €","4,12 €/kg",https://www.carrefour.es/supermercado/whiskas-multipack-de-12-bolsitas-para-gatos-adultos-seleccion-de-carnes-100gr-whiskas/R-550901881/p
Mascotas,Ultima Pienso para Gato Adulto control tracto Urinario 3kg.,"14,45 €","4,82 €/kg",https://www.carrefour.es/supermercado/ultima-pienso-para-gato-adulto-control-tracto-urinario-3kg-ultima/R-720868296/p
Mascotas,"Purina Gourmet Mon Petit Comida Húmeda para Gato Pato, Pollo y Pavo 6x50g","2,50 €","8,33 €/kg",https://www.carrefour.es/supermercado/purina-gourmet-mon-petit-comida-humeda-para-gato-pato-pollo-y-pavo-6x50g-gourmet-mon-petit/R-777106234/p
Mascotas,Snack de tiras de pato para perro Vitakraft 80 g.,"2,95 €","36,87 €/kg",https://www.carrefour.es/supermercado/snack-de-tiras-de-pato-para-perro-vitakraft-80-g-vitakraft/R-832204948/p
Mascotas,Salchicha de carnes variadas para perro Canibaq 1 Kg.,"1,35 €","1,35 €/kg",https://www.carrefour.es/supermercado/salchicha-de-carnes-variadas-para-perro-canibaq-1-kg-canibaq/R-prod270886/p
Mascotas,Bolsas higiénicas para perros Vitakraft 20 uds,"0,95 €","0,05 €/ud",https://www.carrefour.es/supermercado/bolsas-higienicas-para-perros-vitakraft-20-uds-vitakraft/R-851516064/p
Mascotas,Purina Felix Snacks para Gato Crispies Salmón y Trucha 45g,"1,62 €","36,00 €/kg",https://www.carrefour.es/supermercado/purina-felix-snacks-para-gato-crispies-salmon-y-trucha-45g-felix/R-791585668/p
Mascotas,"Alimento Húmedo para Gatos Pollo 100 gr, Carrefour","0,35 €","3,50 €/kg",https://www.carrefour.es/supermercado/alimento-humedo-para-gatos-pollo-100-gr-carrefour-carrefour/R-550901629/p
Mascotas,"Pienso de salmón y arroz para perro adulto Mini Purina One Delicate 1,5 Kg.","5,65 €","3,77 €/kg",https://www.carrefour.es/supermercado/pienso-de-salmon-y-arroz-para-perro-adulto-mini-purina-one-delicate-1-5-kg-one-mini/R-789471456/p
Mascotas,Pienso de buey para perro Medium Maxi Ultima 12 kg.,"38,00 €","3,17 €/kg",https://www.carrefour.es/supermercado/pienso-de-buey-para-perro-medium-maxi-ultima-12-kg-ultima/R-832204910/p
Mascotas,"Purina Friskies Pienso para Gato Junior Gato hasta 1 año 1,5Kg","4,35 €","2,90 €/kg",https://www.carrefour.es/supermercado/purina-friskies-pienso-para-gato-junior-gato-hasta-1-ano-1-5kg-friskies/R-530337239/p
Mascotas,Tarrina de pollo con vegetales para perros Carrefour Bio 300 g.,"0,95 €","3,17 €/kg",https://www.carrefour.es/supermercado/tarrina-de-pollo-con-vegetales-para-perros-carrefour-bio-300-g/R-prod710012/p
Mascotas,Sheba Multipack de 4 Bolsitas Selezione para Gatos de Carnes en Salsa,"2,45 €","7,21 €/kg",https://www.carrefour.es/supermercado/sheba-multipack-de-4-bolsitas-selezione-para-gatos-de-carnes-en-salsa-sheba/R-720862230/p
Mascotas,Ultima Nature Gato Wet Multipack Atún y Pescado Blanco 4x85 grs,"3,15 €","9,26 €/kg",https://www.carrefour.es/supermercado/ultima-nature-gato-wet-multipack-atun-y-pescado-blanco-4x85-grs-ultima/R-prod930220/p
Mascotas,Carrefour Barritas para Periquitos con Frutas 2x30g,"1,03 €","1,03 €/ud",https://www.carrefour.es/supermercado/carrefour-barritas-para-periquitos-con-frutas-2x30g-carrefour/R-555401607/p
Mascotas,Ultima Pienso para Gato Esterilizado Adulto +10 Sabor pollo 3kg.,"14,25 €","4,75 €/kg",https://www.carrefour.es/supermercado/ultima-pienso-para-gato-esterilizado-adulto-10-sabor-pollo-3kg-ultima/R-758600805/p
Mascotas,Catisfactions Premios para Gatos Sabor Mixto de Pollo y Pato 60gr,"1,49 €","24,83 €/kg",https://www.carrefour.es/supermercado/catisfactions-premios-para-gatos-sabor-mixto-de-pollo-y-pato-60gr-catisfaction/R-720862270/p
Mascotas,Carrefour Comida Húmeda para Perro de Buey 400g,"0,50 €","1,25 €/kg",https://www.carrefour.es/supermercado/carrefour-comida-humeda-para-perro-de-buey-400g-carrefour/R-818300663/p
Mascotas,"Ultima Pienso para Gato Esterilizado control bolas de pelo Sabor Pavo 1,5kg.","7,85 €","5,23 €/kg",https://www.carrefour.es/supermercado/ultima-pienso-para-gato-esterilizado-control-bolas-de-pelo-sabor-pavo-1-5kg-ultima/R-618801641/p
Mascotas,Purina Gourmet Perle Comida Húmeda para Gato Delicias en Salsa Surtido 8x85g,"5,45 €","8,01 €/ud",https://www.carrefour.es/supermercado/purina-gourmet-perle-comida-humeda-para-gato-delicias-en-salsa-surtido-8x85g-gourmet-perle/R-720860613/p
Mascotas,Carrefour Snacks para Perros de Pato 8 uds,"1,25 €","3,12 €/kg",https://www.carrefour.es/supermercado/carrefour-snacks-para-perros-de-pato-8-uds-carrefour/R-prod290880/p
Mascotas,Ultima Pienso para Gato Adulto Sabor salmón y arroz 3kg.,"14,45 €","4,82 €/kg",https://www.carrefour.es/supermercado/ultima-pienso-para-gato-adulto-sabor-salmon-y-arroz-3kg-ultima/R-780051583/p
Mascotas,Brekkies Pienso para Gato Delicious aves 3 Kg,"8,45 €","2,82 €/kg",https://www.carrefour.es/supermercado/brekkies-pienso-para-gato-delicious-aves-3-kg-brekkies/R-prod290489/p
Mascotas,Sheba Multipack de 4 Bolsitas Selezione para Gatos de Pescados en Salsa,"2,45 €","7,21 €/ud",https://www.carrefour.es/supermercado/sheba-multipack-de-4-bolsitas-selezione-para-gatos-de-pescados-en-salsa-sheba/R-720862177/p
Mascotas,Ultima Nature Gato Wet Multipack Pouch Pollo y Aves 4 x 85 grs,"3,35 €","9,85 €/kg",https://www.carrefour.es/supermercado/ultima-nature-gato-wet-multipack-pouch-pollo-y-aves-4-x-85-grs-ultima/R-prod930221/p
Mascotas,"Pienso de buey para perro adulto Medium Maxi Ultima Nature 7,5 Kg.","24,95 €","3,33 €/kg",https://www.carrefour.es/supermercado/pienso-de-buey-para-perro-adulto-medium-maxi-ultima-nature-7-5-kg-ultima/R-826217366/p
Mascotas,Purina Gourmet Gold Comida Húmeda para Gato Mousse Pollo 85g,"0,69 €","8,12 €/kg",https://www.carrefour.es/supermercado/purina-gourmet-gold-comida-humeda-para-gato-mousse-pollo-85g-gourmet-gold/R-550901823/p
Mascotas,Purina Gourmet Diamant Comida Húmeda para Gato Delicias en Gelatina Atun 85g,"1,22 €","1,22 €/ud",https://www.carrefour.es/supermercado/purina-gourmet-diamant-comida-humeda-para-gato-delicias-en-gelatina-atun-85g-gourmet-diamant/R-553302065/p
Mascotas,Snack para perros Purina Friskies shapes 800 g.,"3,15 €","3,94 €/kg",https://www.carrefour.es/supermercado/snack-para-perros-purina-friskies-shapes-800-g-friskies/R-521007900/p
Mascotas,Whiskas Multipack de 4 Bolsitas para Gatos Junior Selección de Carnes 100gr,"1,86 €","4,65 €/kg",https://www.carrefour.es/supermercado/whiskas-multipack-de-4-bolsitas-para-gatos-junior-seleccion-de-carnes-100gr-whiskas/R-829041925/p
Mascotas,Pienso de buey para perro Maxi Purina Friskies Vitafit Active 15 Kg.,"23,55 €","1,57 €/kg",https://www.carrefour.es/supermercado/pienso-de-buey-para-perro-maxi-purina-friskies-vitafit-active-15-kg-friskies/R-550701738/p
Mascotas,"Ultima Pienso para Gato Adulto Esterilizado Sabor salmón 1,5kg.","7,85 €","5,23 €/kg",https://www.carrefour.es/supermercado/ultima-pienso-para-gato-adulto-esterilizado-sabor-salmon-1-5kg-ultima/R-618801643/p
Mascotas,"Purina ONE Pienso para Gato Pelaje y Bolas de Pelo 1,5Kg","6,90 €","4,60 €/kg",https://www.carrefour.es/supermercado/purina-one-pienso-para-gato-pelaje-y-bolas-de-pelo-1-5kg-one/R-789471460/p
Mascotas,Pienso de pollo para perro Senior Mini Ultima 3 Kg.,"13,95 €","4,65 €/kg",https://www.carrefour.es/supermercado/pienso-de-pollo-para-perro-senior-mini-ultima-3-kg/R-VC4AECOMM-356023/p
Mascotas,Carrefour Comida para Conejos 3Kg,"6,95 €","2,32 €/kg",https://www.carrefour.es/supermercado/carrefour-comida-para-conejos-3kg-carrefour/R-720864268/p
Mascotas,Ultima Nature Gato Wet Multipack Puoch Salmón y Trucha 4x85 grs,"3,05 €","8,97 €/kg",https://www.carrefour.es/supermercado/ultima-nature-gato-wet-multipack-puoch-salmon-y-trucha-4x85-grs-ultima/R-prod930215/p
Mascotas,Pienso de pollo y arroz para perro adulto Ultima 3 Kg.,"11,00 €","3,67 €/kg",https://www.carrefour.es/supermercado/pienso-de-pollo-y-arroz-para-perro-adulto-ultima-3-kg-ultima/R-720861343/p
Mascotas,Purina Gourmet Perle Comida Húmeda para Gato Delicias del Oceano 4x85g,"2,90 €","8,53 €/kg",https://www.carrefour.es/supermercado/purina-gourmet-perle-comida-humeda-para-gato-delicias-del-oceano-4x85g-gourmet-perle/R-720861011/p
Mascotas,Whiskas Premios en Forma de Sticks para Gatos Sabor Pollo 18gr,"1,11 €","1,11 €/ud",https://www.carrefour.es/supermercado/whiskas-premios-en-forma-de-sticks-para-gatos-sabor-pollo-18gr-whiskas/R-720861015/p
Mascotas,Purina Gourmet Gold Comida Húmeda para Gato Mousse Pescado del Océano 85g,"0,69 €","8,12 €/kg",https://www.carrefour.es/supermercado/purina-gourmet-gold-comida-humeda-para-gato-mousse-pescado-del-oceano-85g-gourmet-gold/R-521007764/p
Mascotas,Purina Gourmet Gold Comida Húmeda para Gato Tartalette Buey y Tomate 85g,"0,69 €","8,12 €/kg",https://www.carrefour.es/supermercado/purina-gourmet-gold-comida-humeda-para-gato-tartalette-buey-y-tomate-85g-gourmet-gold/R-842119590/p
Mascotas,Carrefour Barritas para Canarios de Miel 2x60g,"1,03 €","1,03 €/ud",https://www.carrefour.es/supermercado/carrefour-barritas-para-canarios-de-miel-2x60g-carrefour/R-555401605/p
Mascotas,"Pienso de pollo para perros adultos Medium Maxi Ultima 7,5 Kg.","24,95 €","3,33 €/kg",https://www.carrefour.es/supermercado/pienso-de-pollo-para-perros-adultos-medium-maxi-ultima-7-5-kg-ultima/R-521007819/p
Mascotas,Brekkies Pienso para Gato Delicious selección de aves y verdura 750 gr,"1,84 €","2,45 €/kg",https://www.carrefour.es/supermercado/brekkies-pienso-para-gato-delicious-seleccion-de-aves-y-verdura-750-gr-brekkies/R-830826860/p
Mascotas,"Ultima Pienso para Gato Junior Sabor Pollo 1,5kg.","7,40 €","4,93 €/kg",https://www.carrefour.es/supermercado/ultima-pienso-para-gato-junior-sabor-pollo-1-5kg-ultima/R-prod230772/p
Mascotas,Ultima Comida Húmeda para Gato Adulto Tracto Urinario Sabor pollo 4x85gr.,"2,59 €","7,62 €/kg",https://www.carrefour.es/supermercado/ultima-comida-humeda-para-gato-adulto-tracto-urinario-sabor-pollo-4x85gr-ultima/R-prod73140/p
Mascotas,"Magic Clean Vitakraft 8,4L (3,7 Kg)","10,50 €","2,84 €/kg",https://www.carrefour.es/supermercado/magic-clean-vitakraft-8-4l-3-7-kg/R-VC4AECOMM-492830/p
Mascotas,Vitakraft Vegetal Clean Corn Lecho Higiénico 8l,"0,59 €","0,89 €/l",https://www.carrefour.es/supermercado/vitakraft-vegetal-clean-corn-lecho-higienico-8l-vitakraft/R-553703720/p
Mascotas,Latita Vitakraft Poésie Mousse de Salmón 85 gr,"1,95 €","6,94 €/kg",https://www.carrefour.es/supermercado/latita-vitakraft-poesie-mousse-de-salmon-85-gr-vitakraft/R-832204934/p
Mascotas,Tarrinas para perro Senior Cesar multipack de 4 unidades de 150 g.,"3,85 €","6,42 €/kg",https://www.carrefour.es/supermercado/tarrinas-para-perro-senior-cesar-multipack-de-4-unidades-de-150-g-cesar/R-720860469/p
Mascotas,Snack de carne y queso Pedigree Tasty Bites Cheesy 140 g.,"1,98 €","14,14 €/kg",https://www.carrefour.es/supermercado/snack-de-carne-y-queso-pedigree-tasty-bites-cheesy-140-g-pedigree/R-804269714/p
Mascotas,Purina Gourmet Gold Comida Húmeda para Gato Mousse Pescado del Oceano 12x85g,"6,80 €","6,67 €/kg",https://www.carrefour.es/supermercado/purina-gourmet-gold-comida-humeda-para-gato-mousse-pescado-del-oceano-12x85g-gourmet-gold/R-720861427/p
Mascotas,Comida húmeda de pavo para perro Beyond Grain Free 400 g.,"2,10 €","5,25 €/kg",https://www.carrefour.es/supermercado/comida-humeda-de-pavo-para-perro-beyond-grain-free-400-g-beyond/R-prod970525/p
Mascotas,Comida húmeda de pollo para perros adultos Pedigree 800 g.,"2,30 €","2,87 €/kg",https://www.carrefour.es/supermercado/comida-humeda-de-pollo-para-perros-adultos-pedigree-800-g-pedigree/R-521007888/p
Mascotas,Carrefour Comida Húmeda para Perros Junior de Pollo 300g,"0,55 €","1,83 €/kg",https://www.carrefour.es/supermercado/carrefour-comida-humeda-para-perros-junior-de-pollo-300g-carrefour/R-550701500/p
Mascotas,"Purina ONE Bifensis Pienso para Gato Digestión Sensible Salmón y Cereales 1,5Kg","6,90 €","4,60 €/kg",https://www.carrefour.es/supermercado/purina-one-bifensis-pienso-para-gato-digestion-sensible-salmon-y-cereales-1-5kg-one/R-720860625/p
Mascotas,"Aromatizante de Pino para Arena de Gato 750 gr, Carrefour","4,50 €","6,00 €/kg",https://www.carrefour.es/supermercado/aromatizante-de-pino-para-arena-de-gato-750-gr-carrefour-carrefour/R-794633454/p
Mascotas,Whiskas Multipack de 12 Bolsitas para Gatos Adultos Casserole Mixto,"5,45 €","0,45 €/ud",https://www.carrefour.es/supermercado/whiskas-multipack-de-12-bolsitas-para-gatos-adultos-casserole-mixto-whiskas/R-fprod1190688/p
Mascotas,"Purina ONE Bifensis Pienso para Gato de Interior Pavo y Cereales 1,5Kg","6,90 €","4,60 €/kg",https://www.carrefour.es/supermercado/purina-one-bifensis-pienso-para-gato-de-interior-pavo-y-cereales-1-5kg-one/R-prod90155/p
Mascotas,Pienso para perros Medium Maxi Tenderissimo Brekkies 3 Kg.,"6,95 €","2,32 €/kg",https://www.carrefour.es/supermercado/pienso-para-perros-medium-maxi-tenderissimo-brekkies-3-kg-brekkies/R-prod73199/p
Mascotas,Ultima Pienso para Gato Adulto Sabor pollo y arroz 3kg.,"14,45 €","4,82 €/kg",https://www.carrefour.es/supermercado/ultima-pienso-para-gato-adulto-sabor-pollo-y-arroz-3kg-ultima/R-550901847/p
Mascotas,Carrefour Snacks para Gatos de Pescado 50g,"0,95 €","19,00 €/kg",https://www.carrefour.es/supermercado/carrefour-snacks-para-gatos-de-pescado-50g-carrefour/R-prod220738/p
Mascotas,Carrefour Barritas para Conejos con Frutas 2x55g,"1,35 €","1,35 €/ud",https://www.carrefour.es/supermercado/carrefour-barritas-para-conejos-con-frutas-2x55g-carrefour/R-555401603/p
Mascotas,Snoby Comida para Loros y Cotorras 500g,"0,85 €","1,70 €/kg",https://www.carrefour.es/supermercado/snoby-comida-para-loros-y-cotorras-500g/R-794633442/p
Mascotas,Stick para Gato Vitakraft Mini Pollo con Hierba Gatera 18 gr,"1,02 €","56,67 €/kg",https://www.carrefour.es/supermercado/stick-para-gato-vitakraft-mini-pollo-con-hierba-gatera-18-gr-vitakraft/R-832204938/p
Mascotas,Whiskas Multipack de 12 Bolsitas para Gatos Adultos Selección de Pescados 100gr,"4,85 €","4,04 €/kg",https://www.carrefour.es/supermercado/whiskas-multipack-de-12-bolsitas-para-gatos-adultos-seleccion-de-pescados-100gr-whiskas/R-550901859/p
Mascotas,"Ultima Nature No Grain Gatos Esterilizados Adultos Buey 1,10 kg","8,45 €","7,68 €/kg",https://www.carrefour.es/supermercado/ultima-nature-no-grain-gatos-esterilizados-adultos-buey-1-10-kg-ultima/R-prod930214/p
Mascotas,Purina Felix Comida Húmeda para Gato Gelatina Surtido Carnes 4x100g,"1,49 €","3,72 €/kg",https://www.carrefour.es/supermercado/purina-felix-comida-humeda-para-gato-gelatina-surtido-carnes-4x100g-felix/R-550901593/p
Mascotas,Comida húmeda de buey para perro Purina Beyond Grain 400 g.,"2,25 €","5,62 €/kg",https://www.carrefour.es/supermercado/comida-humeda-de-buey-para-perro-purina-beyond-grain-400-g-beyond/R-prod970578/p
Mascotas,Lata Pate con Salmón para Gatos 400 gr,"0,52 €","1,30 €/kg",https://www.carrefour.es/supermercado/lata-pate-con-salmon-para-gatos-400-gr-carrefour/R-550901749/p
Mascotas,Hierba para Gato Vitakraft,"2,70 €","2,70 €/ud",https://www.carrefour.es/supermercado/hierba-para-gato-vitakraft-vitakraft/R-553301975/p
Mascotas,Snack de queso y buey para perro Pedigree Tasty Bites Cheesy 140 g.,"2,95 €","36,87 €/kg",https://www.carrefour.es/supermercado/snack-de-queso-y-buey-para-perro-pedigree-tasty-bites-cheesy-140-g-vitakraft/R-832204944/p
Mascotas,Pienso Light de pollo y arroz para perros adultos Medium Maxi Ultima 3 Kg.,"11,85 €","3,95 €/kg",https://www.carrefour.es/supermercado/pienso-light-de-pollo-y-arroz-para-perros-adultos-medium-maxi-ultima-3-kg-ultima/R-550701838/p
Mascotas,Heno Arómatico 500 gr,"2,95 €","5,90 €/kg",https://www.carrefour.es/supermercado/heno-aromatico-500-gr-vitakraft/R-528413412/p
Mascotas,Arena Absorbente Attractive Cats 6.36 Kg,"14,20 €","2,23 €/kg",https://www.carrefour.es/supermercado/arena-absorbente-attractive-cats-636-kg-affinity/R-720868164/p
Mascotas,Snack de Huesos de cordero 100% naturales para perros Vitakraft 80 g.,"2,95 €","36,87 €/kg",https://www.carrefour.es/supermercado/snack-de-huesos-de-cordero-100-naturales-para-perros-vitakraft-80-g-vitakraft/R-832204950/p
Mascotas,Purina Felix Comida Húmeda para Gato Fantastic Festín Gelatina Selección Surtido de Carnes 12x100g,"5,85 €","4,87 €/kg",https://www.carrefour.es/supermercado/purina-felix-comida-humeda-para-gato-fantastic-festin-gelatina-seleccion-surtido-de-carnes-12x100g-felix/R-775006156/p
Mascotas,Lata Pate con Pollo para Gatos 400 gr,"0,52 €","1,30 €/kg",https://www.carrefour.es/supermercado/lata-pate-con-pollo-para-gatos-400-gr-carrefour/R-550901747/p
Mascotas,Ultima Pìenso para Gato Esterilizado Sabor pollo 800gr.,"4,10 €","5,12 €/kg",https://www.carrefour.es/supermercado/ultima-pienso-para-gato-esterilizado-sabor-pollo-800gr-ultima/R-526565724/p
Mascotas,Catisfactions Premios para Gatos Sabor Pollo en Maxi Pack 180gr,"3,35 €","18,61 €/kg",https://www.carrefour.es/supermercado/catisfactions-premios-para-gatos-sabor-pollo-en-maxi-pack-180gr-catisfaction/R-829041945/p
Mascotas,"Pienso de pollo y arroz para perro adulto Medium Maxi Ultima 7,5 Kg.","27,05 €","3,61 €/kg",https://www.carrefour.es/supermercado/pienso-de-pollo-y-arroz-para-perro-adulto-medium-maxi-ultima-7-5-kg-ultima/R-720860595/p
Mascotas,"Pienso de pavo y arroz para perro adulto Mini Purina One Weigth 1,5 Kg.","5,65 €","3,77 €/kg",https://www.carrefour.es/supermercado/pienso-de-pavo-y-arroz-para-perro-adulto-mini-purina-one-weigth-1-5-kg-one-mini/R-789471458/p
Mascotas,Purina Gourmet Gold Comida Húmeda para Gato Tarrine Surtido 8x85g,"4,65 €","6,84 €/kg",https://www.carrefour.es/supermercado/purina-gourmet-gold-comida-humeda-para-gato-tarrine-surtido-8x85g-gourmet-gold/R-720868292/p
Mascotas,Carrefour Comida para Conejos 800g,"1,95 €","2,44 €/kg",https://www.carrefour.es/supermercado/carrefour-comida-para-conejos-800g-carrefour/R-555401587/p
Mascotas,Toallitas higiénicas para gatos 20 pcs,"1,95 €","0,10 €/ud",https://www.carrefour.es/supermercado/toallitas-higienicas-para-gatos-20-pcs/R-VC4AECOMM-496667/p
Mascotas,Heno ortiga/Caléndula Cocini 500g,"3,95 €","3,95 €/ud",https://www.carrefour.es/supermercado/heno-ortiga-calendula-cocini-500g/R-VC4AECOMM-501664/p
Mascotas,Latita Vitakraft Poésie de Salsa con Pollo y Verduras 85 gr,"0,59 €","6,94 €/kg",https://www.carrefour.es/supermercado/latita-vitakraft-poesie-de-salsa-con-pollo-y-verduras-85-gr-vitakraft/R-842010595/p
Mascotas,Sheba Multipack de 4 Bolsitas delicatezze para Gatos de Selección Mixta en Gelatina,"2,45 €","7,21 €/kg",https://www.carrefour.es/supermercado/sheba-multipack-de-4-bolsitas-delicatezze-para-gatos-de-seleccion-mixta-en-gelatina-sheba/R-720862189/p
Mascotas,Pienso de pollo para perro golden & labrador Ultima Retriever 14 Kg.,"2,50 €","2,71 €/kg",https://www.carrefour.es/supermercado/pienso-de-pollo-para-perro-golden-labrador-ultima-retriever-14-kg-ultima/R-836133998/p
Mascotas,Purina Gourmet Mon Petit Comida Húmeda para Gato Carnes 6x50g,"1,55 €","8,33 €/kg",https://www.carrefour.es/supermercado/purina-gourmet-mon-petit-comida-humeda-para-gato-carnes-6x50g-gourmet-mon-petit/R-777106230/p
Mascotas,Catisfactions Premios para Gatos Sabor Pato 60gr,"2,95 €","25,83 €/kg",https://www.carrefour.es/supermercado/catisfactions-premios-para-gatos-sabor-pato-60gr-catisfaction/R-fprod1190690/p
Mascotas,Snack de tiras de ternera 100% naturales Vitakraft 80 g.,"7,10 €","36,87 €/kg",https://www.carrefour.es/supermercado/snack-de-tiras-de-ternera-100-naturales-vitakraft-80-g-vitakraft/R-832204952/p
Mascotas,"Pienso de salmón para perro adulto Mini Ultima Sensitive 1,5 g.","2,40 €","4,73 €/kg",https://www.carrefour.es/supermercado/pienso-de-salmon-para-perro-adulto-mini-ultima-sensitive-1-5-g-ultima/R-prod73184/p
Mascotas,Comida húmeda de pollo para perro Purina Beyond Grain 400 g.,"1,82 €","6,00 €/kg",https://www.carrefour.es/supermercado/comida-humeda-de-pollo-para-perro-purina-beyond-grain-400-g-beyond/R-prod970577/p
Mascotas,Tarrina de cordero y pollo para perros Pedigree 300 g.,"4,00 €","6,07 €/kg",https://www.carrefour.es/supermercado/tarrina-de-cordero-y-pollo-para-perros-pedigree-300-g-pedigree/R-521007874/p
Mascotas,Snacks dental para perro mediano Purina Dentalife 115 g. 5 unidades,"1,85 €","16,09 €/kg",https://www.carrefour.es/supermercado/snacks-dental-para-perro-mediano-purina-dentalife-115-g-5-unidades-dentalife/R-865100478/p
Mascotas,Whiskas Multipack de 12 Bolsitas para Gatos Adultos Casserole de Clásicos,"5,30 €","0,44 €/ud",https://www.carrefour.es/supermercado/whiskas-multipack-de-12-bolsitas-para-gatos-adultos-casserole-de-clasicos-whiskas/R-fprod1190689/p
Mascotas,Carrefour Snacks Galletas Rellenas para Perro 900g,"1,95 €","2,17 €/kg",https://www.carrefour.es/supermercado/carrefour-snacks-galletas-rellenas-para-perro-900g-carrefour/R-720860515/p
Mascotas,Pienso de pollo y arroz para perros cachorros Dream 4 Kg.,"3,45 €","0,86 €/kg",https://www.carrefour.es/supermercado/pienso-de-pollo-y-arroz-para-perros-cachorros-dream-4-kg-dream/R-prod180019/p
Mascotas,"Lata Pate de conejo para Gato 400 gr, Carrefour","0,45 €","1,12 €/kg",https://www.carrefour.es/supermercado/lata-pate-de-conejo-para-gato-400-gr-carrefour-carrefour/R-818300669/p
Mascotas,Snacks dental para perros pequeños Pedigree Dentastix pack de 7 unidades,"2,25 €","20,45 €/kg",https://www.carrefour.es/supermercado/snacks-dental-para-perros-pequenos-pedigree-dentastix-pack-de-7-unidades-pedigree/R-521008751/p
Mascotas,"Pienso de buey, cereales y verduras para perro adulto Purina Friskies 15 Kg.","22,95 €","1,53 €/kg",https://www.carrefour.es/supermercado/pienso-de-buey-cereales-y-verduras-para-perro-adulto-purina-friskies-15-kg-friskies/R-720860877/p
Mascotas,Purina Gourmet Gold Comida Húmeda para Gato Doble Placer Surtido 8x85g,"4,65 €","6,84 €/kg",https://www.carrefour.es/supermercado/purina-gourmet-gold-comida-humeda-para-gato-doble-placer-surtido-8x85g-gourmet-gold/R-550901721/p
Mascotas,Braky Delicias Mix Alimento Complementario para Perros 200g,"3,50 €","17,50 €/kg",https://www.carrefour.es/supermercado/braky-delicias-mix-alimento-complementario-para-perros-200g-braky/R-prod880250/p
Mascotas,Ultima Nature Gato Wet Multipack Buey y Pavo 4 x 85 grs,"3,05 €","8,97 €/kg",https://www.carrefour.es/supermercado/ultima-nature-gato-wet-multipack-buey-y-pavo-4-x-85-grs-ultima/R-prod930225/p
Mascotas,Carrefour Snacks para Perros de Buey 100 Unidades,"9,95 €","0,10 €/ud",https://www.carrefour.es/supermercado/carrefour-snacks-para-perros-de-buey-100-unidades-carrefour/R-prod880625/p
Mascotas,Bolsitas de comida húmeda para perro adultos Purina Friskies Vitafit de carnes en salsa multipack de 12 unidades de 100 g.,"4,75 €","3,96 €/kg",https://www.carrefour.es/supermercado/bolsitas-de-comida-humeda-para-perro-adultos-purina-friskies-vitafit-de-carnes-en-salsa-multipack-de-12-unidades-de-100-g/R-VC4AECOMM-488306/p
Mascotas,Purina Gourmet Gold Comida Húmeda para Gato Bocaditos en Salsa 12x85g,"6,85 €","6,72 €/kg",https://www.carrefour.es/supermercado/purina-gourmet-gold-comida-humeda-para-gato-bocaditos-en-salsa-12x85g-gourmet-gold/R-765504665/p
Mascotas,Purina Gourmet Gold Comida Húmeda para Gato Tartalette Surtido 12x85g,"6,85 €","6,72 €/kg",https://www.carrefour.es/supermercado/purina-gourmet-gold-comida-humeda-para-gato-tartalette-surtido-12x85g/R-prod770081/p
Mascotas,Carrefour Comida Húmedo Pollo y Salmón 4x85 gr,"1,60 €","4,71 €/kg",https://www.carrefour.es/supermercado/carrefour-comida-humedo-pollo-y-salmon-4x85-gr/R-prod710003/p
Mascotas,Carrefour Comida para Periquitos 1Kg,"8,45 €","2,50 €/kg",https://www.carrefour.es/supermercado/carrefour-comida-para-periquitos-1kg-carrefour/R-555401579/p
Mascotas,Brekkies Pienso para Gato Delicious pescados 3 Kg,"0,59 €","2,82 €/kg",https://www.carrefour.es/supermercado/brekkies-pienso-para-gato-delicious-pescados-3-kg-brekkies/R-prod211657/p
Mascotas,Latita Vitakraft Poésie Mousse de Ternera 85 gr,"2,05 €","6,94 €/kg",https://www.carrefour.es/supermercado/latita-vitakraft-poesie-mousse-de-ternera-85-gr-vitakraft/R-832204932/p
Mascotas,Snack tiras de buey para perro Pedigree Rodeo 122 g.,"3,95 €","16,80 €/kg",https://www.carrefour.es/supermercado/snack-tiras-de-buey-para-perro-pedigree-rodeo-122-g-pedigree/R-550701654/p
Mascotas,"Carrefour Pienso para Perros de Razas Pequeñas 1,5Kg","0,59 €","2,63 €/kg",https://www.carrefour.es/supermercado/carrefour-pienso-para-perros-de-razas-pequenas-1-5kg-carrefour/R-555401611/p
Mascotas,"Latita Vitakraft Poésie Gelatina con Carne de Caza, Arándanos y Hierbas 85 gr","1,85 €","6,94 €/kg",https://www.carrefour.es/supermercado/latita-vitakraft-poesie-gelatina-con-carne-de-caza-arandanos-y-hierbas-85-gr-vitakraft/R-832204926/p
Mascotas,Snacks dental para perro grande Purina Dentalife 142 g. 4 unidades,"2,85 €","16,09 €/kg",https://www.carrefour.es/supermercado/snacks-dental-para-perro-grande-purina-dentalife-142-g-4-unidades-dentalife/R-865100494/p
Mascotas,Whiskas Pienso para Gatos Junior Sabor Pollo 800gr,"2,95 €","3,56 €/kg",https://www.carrefour.es/supermercado/whiskas-pienso-para-gatos-junior-sabor-pollo-800gr-whiskas/R-829041933/p
Mascotas,Pasta de Malta para Gato Vitakraft con Queso 100 gr,"5,20 €","52,00 €/kg",https://www.carrefour.es/supermercado/pasta-de-malta-para-gato-vitakraft-con-queso-100-gr-vitakraft/R-553301973/p
Mascotas,Carrefour Comida para Roedores Snoby 500g,"0,79 €","1,58 €/kg",https://www.carrefour.es/supermercado/carrefour-comida-para-roedores-snoby-500g-carrefour/R-794633446/p
Mascotas,Purina Gourmet Gold Comida Húmeda para Gato Fondant Atun 85g,"0,69 €","8,12 €/kg",https://www.carrefour.es/supermercado/purina-gourmet-gold-comida-humeda-para-gato-fondant-atun-85g-gourmet-gold/R-prod720101/p
Mascotas,Purina Felix Snacks para Gatos Party Mix Cheezy 60g,"1,49 €","24,83 €/kg",https://www.carrefour.es/supermercado/purina-felix-snacks-para-gatos-party-mix-cheezy-60g-felix/R-775006158/p
Mascotas,Carrefour Comida para Hamsters 800g,"1,65 €","2,06 €/kg",https://www.carrefour.es/supermercado/carrefour-comida-para-hamsters-800g-carrefour/R-555401585/p
Mascotas,Comida húmeda de buey e hígado para perros Pedigree 300 g.,"1,82 €","6,07 €/kg",https://www.carrefour.es/supermercado/comida-humeda-de-buey-e-higado-para-perros-pedigree-300-g-pedigree/R-521007872/p
Mascotas,Comida húmeda para perros Mini adultos Ultima Sublime 4 unidades de 150 g.,"4,70 €","7,83 €/kg",https://www.carrefour.es/supermercado/comida-humeda-para-perros-mini-adultos-ultima-sublime-4-unidades-de-150-g-ultima/R-720861349/p
Mascotas,Stick para Gatos Vitakraft Mini Pescado con Omega 3 18 gr,"1,03 €","19,07 €/kg",https://www.carrefour.es/supermercado/stick-para-gatos-vitakraft-mini-pescado-con-omega-3-18-gr-vitakraft/R-832204936/p
Mascotas,Whiskas Anti-Hairball para Bolas de Pelo de Uso Diario para Gatos 60gr,"2,10 €","35,00 €/kg",https://www.carrefour.es/supermercado/whiskas-anti-hairball-para-bolas-de-pelo-de-uso-diario-para-gatos-60gr-whiskas/R-553302083/p
Mascotas,Tarrina de Paté y gelatina para perro Recetas de la Huerta Selección Cesar 150 g.,"1,15 €","7,67 €/kg",https://www.carrefour.es/supermercado/tarrina-de-pate-y-gelatina-para-perro-recetas-de-la-huerta-seleccion-cesar-150-g-cesar/R-794633472/p
Mascotas,"Pienso de buey y arroz para perro adulto Mini Purina One 1,5 Kg.","5,55 €","3,70 €/kg",https://www.carrefour.es/supermercado/pienso-de-buey-y-arroz-para-perro-adulto-mini-purina-one-1-5-kg-one-mini/R-720860603/p
Mascotas,Purina Friskies Pienso para Gato Control Bolas de Pelo Gato de Interior Pollo y Verduras 3Kg,"7,90 €","2,63 €/kg",https://www.carrefour.es/supermercado/purina-friskies-pienso-para-gato-control-bolas-de-pelo-gato-de-interior-pollo-y-verduras-3kg-friskies/R-550901743/p
Mascotas,Pienso para perro adulto Receta Mediterránea Bon Menú 15 Kg.,"21,50 €","1,43 €/ud",https://www.carrefour.es/supermercado/pienso-para-perro-adulto-receta-mediterranea-bon-menu-15-kg-bon-menu/R-720862086/p
Mascotas,Bolsitas de comida húmeda para perro adultos Purina Friskies Vitafit de carnes en gelatina multipack de 12 unidades de 100 g.,"4,75 €","3,96 €/kg",https://www.carrefour.es/supermercado/bolsitas-de-comida-humeda-para-perro-adultos-purina-friskies-vitafit-de-carnes-en-gelatina-multipack-de-12-unidades-de-100-g/R-VC4AECOMM-488353/p
Mascotas,Ultima Nature Comida Húmeda para Gato Multipack Variedades de Carne 12x85 grs,"8,75 €","8,58 €/kg",https://www.carrefour.es/supermercado/ultima-nature-comida-humeda-para-gato-multipack-variedades-de-carne-12x85-grs/R-VC4AECOMM-356078/p
Mascotas,Latita Vitakraft Poésie de Salsa con Pescado con Pasta y Tomate 85 gr,"0,59 €","6,94 €/kg",https://www.carrefour.es/supermercado/latita-vitakraft-poesie-de-salsa-con-pescado-con-pasta-y-tomate-85-gr-vitakraft/R-832204920/p
Mascotas,Sheba Multipack de 4 Bolsitas delicatezze para Gatos de Selección de Aves en Gelatina,"2,45 €","7,21 €/kg",https://www.carrefour.es/supermercado/sheba-multipack-de-4-bolsitas-delicatezze-para-gatos-de-seleccion-de-aves-en-gelatina-sheba/R-720862214/p
Mascotas,Bolsitas de carnes mixtas selección en salsa para perro Cesar multipack de 4 unidades de 100 g.,"2,49 €","6,23 €/kg",https://www.carrefour.es/supermercado/bolsitas-de-carnes-mixtas-seleccion-en-salsa-para-perro-cesar-multipack-de-4-unidades-de-100-g-cesar/R-826004297/p
Mascotas,Pienso para perro adulto Bon Menú receta mediterránea 10 Kg.,"14,50 €","1,45 €/kg",https://www.carrefour.es/supermercado/pienso-para-perro-adulto-bon-menu-receta-mediterranea-10-kg-bon-menu/R-521032880/p
Mascotas,Brekkies Pienso para Gato Delicious selección de pescados y verdura 750 gr,"1,84 €","2,45 €/kg",https://www.carrefour.es/supermercado/brekkies-pienso-para-gato-delicious-seleccion-de-pescados-y-verdura-750-gr-brekkies/R-830826858/p
Mascotas,"Ultima Nature Pienso para Gato Adulto Esterilizado Sabor salmón 1,25kg.","8,95 €","7,16 €/kg",https://www.carrefour.es/supermercado/ultima-nature-pienso-para-gato-adulto-esterilizado-sabor-salmon-1-25kg-ultima/R-826217358/p
Mascotas,Purina Gourmet Gold Comida Húmeda para Gato Tarrine Pollo 85g,"0,69 €","8,12 €/kg",https://www.carrefour.es/supermercado/purina-gourmet-gold-comida-humeda-para-gato-tarrine-pollo-85g-gourmet-gold/R-521007768/p
Mascotas,Purina Gourmet Gold Comida Húmeda para Gato Mousse Buey 85g,"0,69 €","8,12 €/kg",https://www.carrefour.es/supermercado/purina-gourmet-gold-comida-humeda-para-gato-mousse-buey-85g-gourmet-gold/R-521007771/p
Mascotas,Purina Gourmet Gold Comida Húmeda para Gato Tarrine Salmón 85g,"0,69 €","8,12 €/kg",https://www.carrefour.es/supermercado/purina-gourmet-gold-comida-humeda-para-gato-tarrine-salmon-85g-gourmet-gold/R-521013150/p
Mascotas,Carrefour Snacks para Perro de Pollo 6 uds,"1,95 €","1,95 €/ud",https://www.carrefour.es/supermercado/carrefour-snacks-para-perro-de-pollo-6-uds-carrefour/R-prod670289/p
Mascotas,Pienso de pollo y cereales para perros adultos Dream 10 Kg.,"6,30 €","0,63 €/kg",https://www.carrefour.es/supermercado/pienso-de-pollo-y-cereales-para-perros-adultos-dream-10-kg-dream/R-720861153/p
Mascotas,Snacks de pollo para perro Quérico 5 unidades,"2,95 €","0,59 €/ud",https://www.carrefour.es/supermercado/snacks-de-pollo-para-perro-querico-5-unidades-nd/R-830826890/p
Mascotas,Snacks dental para perros medianos Pedigree daily Oral Care Dentastix pack de 56 unidades,"20,25 €","0,36 €/ud",https://www.carrefour.es/supermercado/snacks-dental-para-perros-medianos-pedigree-daily-oral-care-dentastix-pack-de-56-unidades-pedigree/R-720861247/p
Mascotas,Pienso para perro adulto Receta Tradicional Bon Menú 15 Kg.,"21,50 €","1,43 €/ud",https://www.carrefour.es/supermercado/pienso-para-perro-adulto-receta-tradicional-bon-menu-15-kg-bon-menu/R-720862106/p
Mascotas,Carrefour Comida Húmeda para Perro Adulto de Buey 1250g,"0,95 €","0,76 €/kg",https://www.carrefour.es/supermercado/carrefour-comida-humeda-para-perro-adulto-de-buey-1250g-carrefour/R-521007898/p
Mascotas,Bolsita para perros Frolic chew bones 170 g.,"1,63 €","1,63 €/ud",https://www.carrefour.es/supermercado/bolsita-para-perros-frolic-chew-bones-170-g-frolic/R-720860865/p
Mascotas,Pienso de buey para perro adulto Brekkies Delicious 12 kg.,"3,95 €","2,08 €/kg",https://www.carrefour.es/supermercado/pienso-de-buey-para-perro-adulto-brekkies-delicious-12-kg-brekkies/R-832012872/p
Mascotas,Toallitas higiénicas perro 40 pcs,"1,63 €","0,10 €/ud",https://www.carrefour.es/supermercado/toallitas-higienicas-perro-40-pcs/R-VC4AECOMM-496666/p
Mascotas,Bolsita para perros Frolic Tasty Bites 180 g.,"1,85 €","9,06 €/kg",https://www.carrefour.es/supermercado/bolsita-para-perros-frolic-tasty-bites-180-g-frolic/R-720860861/p
Mascotas,Carrefour Barritas para Periquitos y Loros con Frutas y Nueces 2x70g,"1,95 €","1,85 €/ud",https://www.carrefour.es/supermercado/carrefour-barritas-para-periquitos-y-loros-con-frutas-y-nueces-2x70g-carrefour/R-720864262/p
Mascotas,Alimento Seco para Gatos Dream Carne 2 Kg,"4,85 €","0,97 €/kg",https://www.carrefour.es/supermercado/alimento-seco-para-gatos-dream-carne-2-kg-dream/R-794633452/p
Mascotas,Whiskas Multipack de 12 Bolsitas para Gatos Adultos de Selección de Aves 100gr,"2,50 €","4,04 €/kg",https://www.carrefour.es/supermercado/whiskas-multipack-de-12-bolsitas-para-gatos-adultos-de-seleccion-de-aves-100gr-whiskas/R-829041931/p
Mascotas,Selección de Pescados Pack Surtido Sobres 6x50g,"0,95 €","8,33 €/kg",https://www.carrefour.es/supermercado/seleccion-de-pescados-pack-surtido-sobres-6x50g-gourmet-mon-petit/R-826004277/p
Mascotas,Tarrina de buey para perros Carrefour Bio 300 g.,"7,15 €","3,17 €/kg",https://www.carrefour.es/supermercado/tarrina-de-buey-para-perros-carrefour-bio-300-g/R-prod710014/p
Mascotas,"Pienso de pollo para perros cachorro Mini Ultima 1,5 Kg","7,50 €","4,77 €/kg",https://www.carrefour.es/supermercado/pienso-de-pollo-para-perros-cachorro-mini-ultima-1-5-kg-ultima/R-720868298/p
Mascotas,"Ultima Pienso para Gato Esterilizado Adulto Sabor pollo 1,5kg.","3,15 €","5,00 €/kg",https://www.carrefour.es/supermercado/ultima-pienso-para-gato-esterilizado-adulto-sabor-pollo-1-5kg-ultima/R-prod290660/p
Mascotas,Purina Gourmet Crystal Soup Comida para Gato Pollo Natural y Verduras 4x40g,"3,15 €","19,69 €/kg",https://www.carrefour.es/supermercado/purina-gourmet-crystal-soup-comida-para-gato-pollo-natural-y-verduras-4x40g-gourmet-crystal/R-prod230434/p
Mascotas,Purina Gourmet Crystal Soup Comida para Gato Atun Natural y Gambas 4x40g,"2,50 €","19,69 €/kg",https://www.carrefour.es/supermercado/purina-gourmet-crystal-soup-comida-para-gato-atun-natural-y-gambas-4x40g-gourmet-crystal/R-prod230433/p
Mascotas,"Carrefour Pienso para Gato Junior de Pollo, Zanahoria y Leche 1,5Kg","7,10 €","1,67 €/kg",https://www.carrefour.es/supermercado/carrefour-pienso-para-gato-junior-de-pollo-zanahoria-y-leche-1-5kg-carrefour/R-prod210614/p
Mascotas,Vitakraft Vegetal Clean Corn Lecho Higiénico de Maiz 8l,"11,40 €","0,89 €/l",https://www.carrefour.es/supermercado/vitakraft-vegetal-clean-corn-lecho-higienico-de-maiz-8l-vitakraft/R-720860769/p
Mascotas,Snacks dental para perros medianos Pedigree Dentastix Fresh pack de 28 unidades,"1,98 €","15,83 €/kg",https://www.carrefour.es/supermercado/snacks-dental-para-perros-medianos-pedigree-dentastix-fresh-pack-de-28-unidades-pedigree/R-794633460/p
Mascotas,Snack de carne y aves Pedigree Tasty Bites Chewy Cubes 130 g.,"4,30 €","15,23 €/kg",https://www.carrefour.es/supermercado/snack-de-carne-y-aves-pedigree-tasty-bites-chewy-cubes-130-g-pedigree/R-807810442/p
Mascotas,Purina Gourmet Perle Comida Húmeda para Gato Finas Láminas en Gelatina Surtido 4x85g,"2,90 €","8,53 €/kg",https://www.carrefour.es/supermercado/purina-gourmet-perle-comida-humeda-para-gato-finas-laminas-en-gelatina-surtido-4x85g-gourmet-perle/R-550901755/p
Mascotas,Toallitas higiénicas perro 100 pcs,"7,95 €","0,08 €/ud",https://www.carrefour.es/supermercado/toallitas-higienicas-perro-100-pcs/R-VC4AECOMM-496664/p
Mascotas,Menu para Hamster 400 gr,"1,70 €","4,25 €/kg",https://www.carrefour.es/supermercado/menu-para-hamster-400-gr-vitakraft/R-553703578/p
Mascotas,Alimento húmedo para gatos de buey/pavo Carrefour 4x85g,"1,60 €","4,71 €/kg",https://www.carrefour.es/supermercado/alimento-humedo-para-gatos-de-buey-pavo-carrefour-4x85g/R-prod710002/p
Mascotas,"Ultima Pienso para Gato Adulto Digestión Delicada 1,5kg.","7,40 €","4,93 €/kg",https://www.carrefour.es/supermercado/ultima-pienso-para-gato-adulto-digestion-delicada-1-5kg-ultima/R-618801663/p
Mascotas,"Purina ONE Pienso para Gato Senior +11años 1,5Kg","6,90 €","4,60 €/kg",https://www.carrefour.es/supermercado/purina-one-pienso-para-gato-senior-11anos-1-5kg-one/R-789471454/p
Mascotas,Carrefour Comida Húmeda para Perro Adulto sabor Pollo 1250g,"0,95 €","0,76 €/kg",https://www.carrefour.es/supermercado/carrefour-comida-humeda-para-perro-adulto-sabor-pollo-1250g-carrefour/R-521007896/p
Mascotas,Purina Felix Snacks para Gatos Crispies Buey y Pollo 45g,"1,62 €","36,00 €/kg",https://www.carrefour.es/supermercado/purina-felix-snacks-para-gatos-crispies-buey-y-pollo-45g-felix/R-791585672/p
Mascotas,Alimento Gato Mousse de Pollo Beyond Grain Free Tarrina 85 grs,"0,95 €","11,18 €/kg",https://www.carrefour.es/supermercado/alimento-gato-mousse-de-pollo-beyond-grain-free-tarrina-85-grs-beyond/R-prod970636/p
Mascotas,Carrefour Comida para Canarios 1Kg,"2,95 €","2,50 €/kg",https://www.carrefour.es/supermercado/carrefour-comida-para-canarios-1kg-carrefour/R-555401575/p
Mascotas,Galletas rellenas para perro pequeño Pedigree Markies 500 g.,"22,95 €","5,90 €/kg",https://www.carrefour.es/supermercado/galletas-rellenas-para-perro-pequeno-pedigree-markies-500-g-pedigree/R-829041957/p
Mascotas,Pienso de aves y verduras para perro adulto Purina Friskies 15 Kg.,"7,40 €","1,53 €/kg",https://www.carrefour.es/supermercado/pienso-de-aves-y-verduras-para-perro-adulto-purina-friskies-15-kg-friskies/R-720860879/p
Mascotas,Pienso de buey para perro adulto Mini Purina Friskies Menú 3 Kg.,"0,95 €","2,47 €/kg",https://www.carrefour.es/supermercado/pienso-de-buey-para-perro-adulto-mini-purina-friskies-menu-3-kg-friskies/R-794609529/p
Mascotas,Alimento Gato Mousse de Salmón Beyond Grain Free Tarrina 85 grs,"3,75 €","11,18 €/kg",https://www.carrefour.es/supermercado/alimento-gato-mousse-de-salmon-beyond-grain-free-tarrina-85-grs-beyond/R-prod970612/p
Mascotas,Snack Gatos Purina Felix Party Mix Original Mix Maxi Pack 200g,"3,49 €","18,75 €/kg",https://www.carrefour.es/supermercado/snack-gatos-purina-felix-party-mix-original-mix-maxi-pack-200g/R-VC4AECOMM-488351/p
Mascotas,Carrefour Champú 2en1 para Perro 250ml,"3,70 €","13,96 €/l",https://www.carrefour.es/supermercado/carrefour-champu-2en1-para-perro-250ml-carrefour/R-720860543/p
Mascotas,Pienso de pollo y cereales para perros adultos Dream 4 Kg.,"11,75 €","0,92 €/kg",https://www.carrefour.es/supermercado/pienso-de-pollo-y-cereales-para-perros-adultos-dream-4-kg-dream/R-720861157/p
Mascotas,Pienso de buey para perros adultos Frolic 4 Kg.,"2,15 €","2,94 €/kg",https://www.carrefour.es/supermercado/pienso-de-buey-para-perros-adultos-frolic-4-kg-frolic/R-521007823/p
Mascotas,Whiskas Dentabites para Higiene Oral de Uso Diario para Gatos,"0,59 €","2,15 €/ud",https://www.carrefour.es/supermercado/whiskas-dentabites-para-higiene-oral-de-uso-diario-para-gatos-whiskas/R-830826884/p
Mascotas,Latita Vitakraft Poésie de Gelatina con Salmón y Espinacas 85 gr,"2,95 €","6,94 €/kg",https://www.carrefour.es/supermercado/latita-vitakraft-poesie-de-gelatina-con-salmon-y-espinacas-85-gr-vitakraft/R-832204924/p
Mascotas,Snacks dental para perros medianos Pedigree Dentastix pack de 7 unidades,"1,84 €","16,39 €/kg",https://www.carrefour.es/supermercado/snacks-dental-para-perros-medianos-pedigree-dentastix-pack-de-7-unidades-pedigree/R-521007910/p
Mascotas,Bolsitas de comida húmeda de pollo y cordero Pedigree pack de 4 unidades de 100 g.,"8,50 €","18,40 €/kg",https://www.carrefour.es/supermercado/bolsitas-de-comida-humeda-de-pollo-y-cordero-pedigree-pack-de-4-unidades-de-100-g-pedigree/R-prod221553/p
Mascotas,"Purina Beyond Grain Free Comida Seca para Gato Pollo 1,2Kg","2,95 €","7,08 €/kg",https://www.carrefour.es/supermercado/purina-beyond-grain-free-comida-seca-para-gato-pollo-1-2kg-beyond/R-fprod1190578/p
Mascotas,Snack de sandwich de pescado 100% naturales para perros Vitakraft 80g,"2,95 €","36,87 €/kg",https://www.carrefour.es/supermercado/snack-de-sandwich-de-pescado-100-naturales-para-perros-vitakraft-80g/R-prod880165/p
Mascotas,Barritas con Verduras para Roedores,"1,47 €","1,47 €/ud",https://www.carrefour.es/supermercado/barritas-con-verduras-para-roedores-carrefour/R-555401599/p
Mascotas,Catisfactions Premios para Gatos Sabor Salmón en Maxi Pack 180gr,"3,35 €","18,61 €/kg",https://www.carrefour.es/supermercado/catisfactions-premios-para-gatos-sabor-salmon-en-maxi-pack-180gr-catisfaction/R-829041947/p
Mascotas,Bolsa para arenero de gatos Carrefour 5 ud.,"7,95 €","7,95 €/ud",https://www.carrefour.es/supermercado/bolsa-para-arenero-de-gatos-carrefour-5-ud-carrefour/R-prod260328/p
Mascotas,Purina Dentalife Snacks para Gato Sabor Pollo 40g,"1,75 €","43,75 €/kg",https://www.carrefour.es/supermercado/purina-dentalife-snacks-para-gato-sabor-pollo-40g/R-VC4AECOMM-213645/p
Mascotas,Purina Gourmet Perle Comida Húmeda para Gato Finas Láminas DUO Carnes Delicadas 4x85g,"2,90 €","8,53 €/kg",https://www.carrefour.es/supermercado/purina-gourmet-perle-comida-humeda-para-gato-finas-laminas-duo-carnes-delicadas-4x85g-gourmet-perle/R-720860671/p
Mascotas,Snack de pollo para perros purina Friskies Picnic 126 g.,"2,00 €","15,87 €/kg",https://www.carrefour.es/supermercado/snack-de-pollo-para-perros-purina-friskies-picnic-126-g-friskies/R-550701800/p
Mascotas,Latita Vitakraft Poésie con Pavo en Salsa de Queso 85 gr,"0,59 €","6,94 €/kg",https://www.carrefour.es/supermercado/latita-vitakraft-poesie-con-pavo-en-salsa-de-queso-85-gr-vitakraft/R-832204918/p
Mascotas,"Croquetas para Gato 4 Kg, Carrefour","4,60 €","1,15 €/kg",https://www.carrefour.es/supermercado/croquetas-para-gato-4-kg-carrefour-carrefour/R-550901589/p
Mascotas,Vitakraft Menú Aroma para Conejos Enanos 3Kg,"6,50 €","2,37 €/kg",https://www.carrefour.es/supermercado/vitakraft-menu-aroma-para-conejos-enanos-3kg-vitakraft/R-527031176/p
Mascotas,Almohadillas sanitarias para cachorros Vitakraft 60x60,"3,50 €","0,43 €/ud",https://www.carrefour.es/supermercado/almohadillas-sanitarias-para-cachorros-vitakraft-60x60-vitakraft/R-553302099/p
Mascotas,Braky Delicias Razas Pequeñas 200 grs,"4,30 €","17,50 €/kg",https://www.carrefour.es/supermercado/braky-delicias-razas-pequenas-200-grs-braky/R-prod880273/p
Mascotas,Purina Gourmet Nature's Creations comida húmeda para gato surtido carnes 4x85g,"3,49 €","12,65 €/kg",https://www.carrefour.es/supermercado/purina-gourmet-natures-creations-comida-humeda-para-gato-surtido-carnes-4x85g/R-VC4AECOMM-458391/p
Mascotas,"Purina Felix Pienso para Gato Crunchy&Soft de Pollo, Pavo y Verduras 950g","3,50 €","3,67 €/kg",https://www.carrefour.es/supermercado/purina-felix-pienso-para-gato-crunchysoft-de-pollo-pavo-y-verduras-950g/R-VC4AECOMM-503115/p
Mascotas,Vitakraft Menú para Cotorras 1Kg,"6,90 €","3,50 €/kg",https://www.carrefour.es/supermercado/vitakraft-menu-para-cotorras-1kg-vitakraft/R-553703576/p
Mascotas,"Purina ONE Bifensis Pienso para Gato Adulto Pollo y Cereales 1,5Kg","10,60 €","4,60 €/kg",https://www.carrefour.es/supermercado/purina-one-bifensis-pienso-para-gato-adulto-pollo-y-cereales-1-5kg-one/R-prod90153/p
Mascotas,Pienso de pollo y arroz para perro adulto Ultima 3 Kg.,"4,40 €","3,53 €/kg",https://www.carrefour.es/supermercado/pienso-de-pollo-y-arroz-para-perro-adulto-ultima-3-kg-ultima/R-521007815/p
Mascotas,"Brekkies Pienso para Gato esterilizados 1,5 kg","0,69 €","2,93 €/kg",https://www.carrefour.es/supermercado/brekkies-pienso-para-gato-esterilizados-1-5-kg-brekkies/R-766008842/p
Mascotas,Purina Gourmet Gold Comida Húmeda para Gato Bocaditos en Salsa Salmon y Pollo 85g,"2,80 €","8,12 €/kg",https://www.carrefour.es/supermercado/purina-gourmet-gold-comida-humeda-para-gato-bocaditos-en-salsa-salmon-y-pollo-85g-gourmet-gold/R-521007766/p
Mascotas,Hueso dental para perro mediano y grande Purina Friskies fresh 180 g.,"1,95 €","15,56 €/kg",https://www.carrefour.es/supermercado/hueso-dental-para-perro-mediano-y-grande-purina-friskies-fresh-180-g-friskies/R-618801657/p
Mascotas,Carrefour Snacks para Perro de Buey 4 unidades,"1,50 €","0,49 €/ud",https://www.carrefour.es/supermercado/carrefour-snacks-para-perro-de-buey-4-unidades-carrefour/R-prod880290/p
Mascotas,Carrefour Snacks para Perro de Buey 1 unidad,"7,95 €","1,50 €/ud",https://www.carrefour.es/supermercado/carrefour-snacks-para-perro-de-buey-1-unidad-carrefour/R-prod880468/p
Mascotas,Carrefour Multicroquetas para Perro de Buey 10Kg,"3,50 €","0,79 €/kg",https://www.carrefour.es/supermercado/carrefour-multicroquetas-para-perro-de-buey-10kg-carrefour/R-521008755/p
Mascotas,"Pienso de pollo para perro adulto Mini Ultima 7,5 Kg.","26,80 €","3,57 €/kg",https://www.carrefour.es/supermercado/pienso-de-pollo-para-perro-adulto-mini-ultima-7-5-kg-ultima/R-fprod1190583/p
Mascotas,Pienso de pollo y arroz para perro adulto Medium Maxi Ultima 7Kg,"26,50 €","3,79 €/kg",https://www.carrefour.es/supermercado/pienso-de-pollo-y-arroz-para-perro-adulto-medium-maxi-ultima-7kg-ultima/R-550701648/p
Mascotas,Pienso de pollo y cereales para perros Mini Brekkies 3 Kg.,"7,95 €","2,65 €/kg",https://www.carrefour.es/supermercado/pienso-de-pollo-y-cereales-para-perros-mini-brekkies-3-kg-brekkies/R-799236283/p
Mascotas,Menú premium para canarios Vitakraft 1Kg,"2,50 €","2,50 €/ud",https://www.carrefour.es/supermercado/menu-premium-para-canarios-vitakraft-1kg/R-VC4AECOMM-500479/p
Mascotas,Carrefour Comida Húmeda para Gato Adulto de Pollo y Buey 4x85g,"1,55 €","4,56 €/kg",https://www.carrefour.es/supermercado/carrefour-comida-humeda-para-gato-adulto-de-pollo-y-buey-4x85g-carrefour/R-prod251196/p
Mascotas,Vitakraft Menú para Conejos Enanos 1Kg,"3,30 €","3,30 €/kg",https://www.carrefour.es/supermercado/vitakraft-menu-para-conejos-enanos-1kg-vitakraft/R-530337235/p
Mascotas,Vitakraft Vita Nature Espigas de Mijo para Pájaros 100g,"2,69 €","26,90 €/kg",https://www.carrefour.es/supermercado/vitakraft-vita-nature-espigas-de-mijo-para-pajaros-100g-vitakraft/R-553703596/p
Mascotas,"Pienso de pollo y arroz para perro adulto Mini Purina One Active 1,5 Kg.","5,55 €","3,70 €/kg",https://www.carrefour.es/supermercado/pienso-de-pollo-y-arroz-para-perro-adulto-mini-purina-one-active-1-5-kg-one-mini/R-720860601/p
Mascotas,"Purina Beyond Grain Free Comida Seca para Gato Salmón 1,2Kg","8,50 €","7,08 €/kg",https://www.carrefour.es/supermercado/purina-beyond-grain-free-comida-seca-para-gato-salmon-1-2kg-beyond/R-fprod1190577/p
Mascotas,Purina Felix Comida Húmeda para Gato Sensations Gelatinas Salmón 4x100g,"2,15 €","5,37 €/kg",https://www.carrefour.es/supermercado/purina-felix-comida-humeda-para-gato-sensations-gelatinas-salmon-4x100g-felix/R-804323366/p
Mascotas,Purina Gourmet Diamant Comida Húmeda para Gato Finas Lonchas Carnes Asadas Pollo 85g,"1,24 €","1,24 €/ud",https://www.carrefour.es/supermercado/purina-gourmet-diamant-comida-humeda-para-gato-finas-lonchas-carnes-asadas-pollo-85g-gourmet-diamant/R-553302061/p
Mascotas,Snack Gatos Delicias de Leche Purina Felix 60 grs,"1,54 €","25,67 €/kg",https://www.carrefour.es/supermercado/snack-gatos-delicias-de-leche-purina-felix-60-grs-felix/R-prod770089/p
Mascotas,Snack para perros Purina Adventuros strips 90 g.,"1,60 €","17,78 €/kg",https://www.carrefour.es/supermercado/snack-para-perros-purina-adventuros-strips-90-g-purina/R-799398058/p
Mascotas,Carrefour Comida Húmeda para Perros Sabores Surtidos 6x150g,"2,60 €","2,89 €/kg",https://www.carrefour.es/supermercado/carrefour-comida-humeda-para-perros-sabores-surtidos-6x150g-carrefour/R-550701474/p
Mascotas,Carrefour Perlas de Anís 2Kg,"1,65 €","0,82 €/kg",https://www.carrefour.es/supermercado/carrefour-perlas-de-anis-2kg-carrefour/R-720860871/p
Mascotas,"Ultima Natura Pienso para Gato Esterilizado y Tracto Urinario de Pollo y Verduras 1,5Kg","7,85 €","5,23 €/kg",https://www.carrefour.es/supermercado/ultima-natura-pienso-para-gato-esterilizado-y-tracto-urinario-de-pollo-y-verduras-1-5kg/R-VC4AECOMM-356741/p
Mascotas,Snacks dental para perros medianos Brekkies Total Dent 28 unidades,"9,10 €","12,64 €/kg",https://www.carrefour.es/supermercado/snacks-dental-para-perros-medianos-brekkies-total-dent-28-unidades-brekkies/R-720861347/p
Mascotas,"Bolsitas de comida húmeda de pollo, buey y verduras Pedigree pack de 4 unidades de 100 g.","1,84 €","1,84 €/ud",https://www.carrefour.es/supermercado/bolsitas-de-comida-humeda-de-pollo-buey-y-verduras-pedigree-pack-de-4-unidades-de-100-g-pedigree/R-prod221552/p
Mascotas,Purina Felix Comida Húmeda para Gato Fantastic Gelatina Selección Surtido de Verduras 4x100g,"2,00 €","5,00 €/kg",https://www.carrefour.es/supermercado/purina-felix-comida-humeda-para-gato-fantastic-gelatina-seleccion-surtido-de-verduras-4x100g-felix/R-720860621/p
Mascotas,Carrefour Comida para Tórtolas 1Kg,"2,50 €","2,50 €/kg",https://www.carrefour.es/supermercado/carrefour-comida-para-tortolas-1kg-carrefour/R-555401583/p
Mascotas,Comida húmeda para perro Mini Senior Ultima 4 unidades de 150 g.,"4,70 €","7,83 €/kg",https://www.carrefour.es/supermercado/comida-humeda-para-perro-mini-senior-ultima-4-unidades-de-150-g-ultima/R-720861353/p
Mascotas,Vitakraft Barritas para Hamster de Miel 2 uds,"2,49 €","1,24 €/ud",https://www.carrefour.es/supermercado/vitakraft-barritas-para-hamster-de-miel-2-uds-vitakraft/R-553703580/p
Mascotas,Cama Blanda para Hamster Dreamy 20 gr,"2,20 €","110,00 €/kg",https://www.carrefour.es/supermercado/cama-blanda-para-hamster-dreamy-20-gr-vitakraft/R-553703588/p
Mascotas,Vitakraft Stick Snack para Gato de Salmón,"1,05 €","0,35 €/ud",https://www.carrefour.es/supermercado/vitakraft-stick-snack-para-gato-de-salmon-vitakraft/R-550901825/p
Mascotas,"Multicroquetas para Gato 2 Kg, Carrefour","2,55 €","1,27 €/ud",https://www.carrefour.es/supermercado/multicroquetas-para-gato-2-kg-carrefour-carrefour/R-521013975/p
Mascotas,Snack dental para perro adulto toy Ultima Interdental 70 g.,"1,95 €","27,86 €/kg",https://www.carrefour.es/supermercado/snack-dental-para-perro-adulto-toy-ultima-interdental-70-g-ultima/R-794633456/p
Mascotas,Dentastix de uso diario para la limpieza dental de perros grandes Pedigree packde 7 unidades,"3,20 €","11,85 €/kg",https://www.carrefour.es/supermercado/dentastix-de-uso-diario-para-la-limpieza-dental-de-perros-grandes-pedigree-packde-7-unidades-pedigree/R-720860709/p
Mascotas,Sheba Multipack de 6 Bolsitas Délices Du Jour para Gatos de Pescado,"2,55 €","8,50 €/kg",https://www.carrefour.es/supermercado/sheba-multipack-de-6-bolsitas-delices-du-jour-para-gatos-de-pescado-sheba/R-826004299/p
Mascotas,"Brekkies Pienso para Gato Adultos ternera 1,5 kg","4,10 €","2,73 €/kg",https://www.carrefour.es/supermercado/brekkies-pienso-para-gato-adultos-ternera-1-5-kg-brekkies/R-720860451/p
Mascotas,Ultima Pienso para Gato cachorro sabor pollo 400gr.,"2,35 €","5,87 €/kg",https://www.carrefour.es/supermercado/ultima-pienso-para-gato-cachorro-sabor-pollo-400gr-ultima/R-830826862/p
Mascotas,"Pienso de buey, verduras y cereales para perros Mini Tenderissimo Brekkies 1 Kg.","3,99 €","3,99 €/kg",https://www.carrefour.es/supermercado/pienso-de-buey-verduras-y-cereales-para-perros-mini-tenderissimo-brekkies-1-kg-brekkies/R-816210972/p
Mascotas,Pienso de cordero para perro adulto Medium Maxi Ultima Nature 3 Kg.,"14,45 €","4,82 €/kg",https://www.carrefour.es/supermercado/pienso-de-cordero-para-perro-adulto-medium-maxi-ultima-nature-3-kg-ultima/R-826752931/p
Mascotas,Purina Gourmet Crystal Soup Comida para Gato Salmón Natural y Verduras 4x40g,"3,25 €","20,31 €/kg",https://www.carrefour.es/supermercado/purina-gourmet-crystal-soup-comida-para-gato-salmon-natural-y-verduras-4x40g-gourmet-crystal/R-prod230432/p
Mascotas,Purina Gourmet Nature's Creations comida húmeda para gato rico en buey 85 g.,"1,19 €","14,00 €/kg",https://www.carrefour.es/supermercado/purina-gourmet-natures-creations-comida-humeda-para-gato-rico-en-buey-85-g/R-VC4AECOMM-458382/p
Mascotas,Carrefour Comida Húmeda para Perro Adulto de Ave y Verduras 1250g,"0,95 €","0,76 €/kg",https://www.carrefour.es/supermercado/carrefour-comida-humeda-para-perro-adulto-de-ave-y-verduras-1250g-carrefour/R-521007894/p
Mascotas,"Purina Gourmet Perle Finas Láminas en Salsa con Buey, Pollo, Conejo, Salmón 4x85g","2,90 €","8,53 €/kg",https://www.carrefour.es/supermercado/purina-gourmet-perle-finas-laminas-en-salsa-con-buey-pollo-conejo-salmon-4x85g-gourmet-perle/R-550901861/p
Mascotas,Alimento Gato Mousse de Buey Beyond Grain Free Tarrina 85 grs,"0,92 €","10,82 €/kg",https://www.carrefour.es/supermercado/alimento-gato-mousse-de-buey-beyond-grain-free-tarrina-85-grs-beyond/R-prod970635/p
Mascotas,Purina Felix Snacks para Gatos Party Mix Seaside Mix 200g,"3,75 €","18,75 €/kg",https://www.carrefour.es/supermercado/purina-felix-snacks-para-gatos-party-mix-seaside-mix-200g-felix/R-fprod1190392/p
Mascotas,Ultima Natura Comida Húmeda para Gato Multipack Variedades de Pescado 12x85 grs,"8,75 €","8,58 €/kg",https://www.carrefour.es/supermercado/ultima-natura-comida-humeda-para-gato-multipack-variedades-de-pescado-12x85-grs/R-VC4AECOMM-356600/p
Mascotas,Ultima Leche para Gatoy Gatitos 250ml.,"1,40 €","5,60 €/l",https://www.carrefour.es/supermercado/ultima-leche-para-gatoy-gatitos-250ml-ultima/R-799715394/p
Mascotas,Pienso de buey para perro adulto Purina Friskies Vitafit Active 3 Kg.,"6,95 €","2,32 €/kg",https://www.carrefour.es/supermercado/pienso-de-buey-para-perro-adulto-purina-friskies-vitafit-active-3-kg-friskies/R-791585686/p
Mascotas,Pienso de pollo para perro adulto Medium Maxi Ultima Nature 3 Kg.,"14,45 €","4,82 €/kg",https://www.carrefour.es/supermercado/pienso-de-pollo-para-perro-adulto-medium-maxi-ultima-nature-3-kg-ultima/R-826217360/p
Mascotas,"Pienso de cordero para perro adulto Mini Ultima Nature 1,25 Kg.","8,45 €","6,76 €/kg",https://www.carrefour.es/supermercado/pienso-de-cordero-para-perro-adulto-mini-ultima-nature-1-25-kg-ultima/R-826217364/p
Mascotas,Menú premium para periquitos Vitakraft 1 kg,"2,50 €","41,67 €/kg",https://www.carrefour.es/supermercado/menu-premium-para-periquitos-vitakraft-1-kg/R-fprod1320024/p
Mascotas,Vitakraft Virutas de Roedores 60L,"5,50 €","5,50 €/ud",https://www.carrefour.es/supermercado/vitakraft-virutas-de-roedores-60l/R-fprod1310117/p
Mascotas,Menu para Cobaya 1 kg Vitakraft,"3,15 €","3,15 €/kg",https://www.carrefour.es/supermercado/menu-para-cobaya-1-kg-vitakraft-vitakraft/R-553703632/p
Mascotas,Pienso de buey y verduras para perro adulto Purina Dog Menú 15 Kg.,"17,80 €","1,19 €/kg",https://www.carrefour.es/supermercado/pienso-de-buey-y-verduras-para-perro-adulto-purina-dog-menu-15-kg-dog-menu/R-842500552/p
Mascotas,"Ultima Nature No Grain Gato Adulto Pavo 1,10 kg","8,65 €","7,86 €/kg",https://www.carrefour.es/supermercado/ultima-nature-no-grain-gato-adulto-pavo-1-10-kg-ultima/R-prod930217/p
Mascotas,"Pienso de pollo y arroz para perro cachorros Medium Ultima 7,5 Kg.","26,90 €","3,59 €/kg",https://www.carrefour.es/supermercado/pienso-de-pollo-y-arroz-para-perro-cachorros-medium-ultima-7-5-kg-ultima/R-550701636/p
Mascotas,Ultima Pienso para Gato Adultos Esterilizado Sabor Buey 800gr.,"4,19 €","5,24 €/kg",https://www.carrefour.es/supermercado/ultima-pienso-para-gato-adultos-esterilizado-sabor-buey-800gr-ultima/R-prod250221/p
Mascotas,Purina Felix Comida Húmeda para Gato Fantastic Gelatina Selecciones Favoritas 4x100g,"2,00 €","5,00 €/kg",https://www.carrefour.es/supermercado/purina-felix-comida-humeda-para-gato-fantastic-gelatina-selecciones-favoritas-4x100g-felix/R-720868290/p
Mascotas,Gourmet Perle Delight Delicias en Salsa Multipack Salmón y Atún 4x85 grs,"2,85 €","8,38 €/kg",https://www.carrefour.es/supermercado/gourmet-perle-delight-delicias-en-salsa-multipack-salmon-y-atun-4x85-grs-gourmet-perle/R-prod720102/p
Mascotas,"Purina Felix Pienso para Gato Crunchy&Soft de Salmón, Atún y Verduras 950g","3,60 €","3,79 €/kg",https://www.carrefour.es/supermercado/purina-felix-pienso-para-gato-crunchysoft-de-salmon-atun-y-verduras-950g/R-VC4AECOMM-503114/p
Mascotas,Purina One Esterilizados Gato Salmón y Pavo 4x85 grs,"3,25 €","9,56 €/kg",https://www.carrefour.es/supermercado/purina-one-esterilizados-gato-salmon-y-pavo-4x85-grs-purina-one/R-prod770091/p
Mascotas,Purina One Junior Gato Salmón 4x85 grs,"3,25 €","9,56 €/kg",https://www.carrefour.es/supermercado/purina-one-junior-gato-salmon-4x85-grs-purina-one/R-prod770080/p
Mascotas,Snack de bacon para perros Brekkies 300 g.,"3,40 €","11,33 €/kg",https://www.carrefour.es/supermercado/snack-de-bacon-para-perros-brekkies-300-g-brekkies/R-550701464/p
Mascotas,Caña de Pescar para Gato Vitakraft con Ratón,"2,31 €","2,31 €/ud",https://www.carrefour.es/supermercado/cana-de-pescar-para-gato-vitakraft-con-raton-vitakraft/R-720860753/p
Mascotas,"Tarrina de ternera y aves para perros Senior Pedigree 1,5 Kg","1,81 €","6,03 €/kg",https://www.carrefour.es/supermercado/tarrina-de-ternera-y-aves-para-perros-senior-pedigree-1-5-kg-pedigree/R-550701644/p
Mascotas,Snack para perro Vitakraft Beef Stick,"0,63 €","0,63 €/ud",https://www.carrefour.es/supermercado/snack-para-perro-vitakraft-beef-stick-vitakraft/R-526548123/p
Mascotas,Snack dental para perros pequeños Pedigree Dentastix pack de 56 unidades,"16,45 €","0,29 €/ud",https://www.carrefour.es/supermercado/snack-dental-para-perros-pequenos-pedigree-dentastix-pack-de-56-unidades-pedigree/R-830826864/p
Mascotas,Bolsitas de carnes mixtas selección en gelatina para perro Cesar multipack de 4 unidades de 100 g.,"2,49 €","6,23 €/kg",https://www.carrefour.es/supermercado/bolsitas-de-carnes-mixtas-seleccion-en-gelatina-para-perro-cesar-multipack-de-4-unidades-de-100-g-cesar/R-826004295/p
Mascotas,Sheba Multipack de 6 Bolsitas Délices Du Jour para Gatos de Aves,"2,55 €","8,50 €/kg",https://www.carrefour.es/supermercado/sheba-multipack-de-6-bolsitas-delices-du-jour-para-gatos-de-aves-sheba/R-826004301/p
Mascotas,Pienso de pollo y arroz para perro cachorros Medium Ultima 3 Kg.,"10,95 €","3,65 €/kg",https://www.carrefour.es/supermercado/pienso-de-pollo-y-arroz-para-perro-cachorros-medium-ultima-3-kg-ultima/R-550701614/p
Mascotas,Pienso de pollo y arroz para perro adulto Mini Purina One Dental 800 g.,"3,35 €","4,19 €/kg",https://www.carrefour.es/supermercado/pienso-de-pollo-y-arroz-para-perro-adulto-mini-purina-one-dental-800-g-one-mini/R-prod230431/p
Mascotas,Pienso de pollo y arroz para perros Junior Brekkies 3 Kg.,"9,00 €","3,00 €/kg",https://www.carrefour.es/supermercado/pienso-de-pollo-y-arroz-para-perros-junior-brekkies-3-kg-brekkies/R-720862274/p
Mascotas,Snacks dental para perro pequeño Purina Dentalife Multipack 30 unidades,"7,40 €","0,25 €/ud",https://www.carrefour.es/supermercado/snacks-dental-para-perro-pequeno-purina-dentalife-multipack-30-unidades/R-VC4AECOMM-567635/p
Mascotas,Purina One Sensitive Gato Salmón y Pavo 4x85 grs,"3,25 €","9,56 €/kg",https://www.carrefour.es/supermercado/purina-one-sensitive-gato-salmon-y-pavo-4x85-grs-purina-one/R-prod770090/p
Mascotas,Snacks dental para perro Maxi Brekkies Total Dent 28 unidades,"11,20 €","10,37 €/kg",https://www.carrefour.es/supermercado/snacks-dental-para-perro-maxi-brekkies-total-dent-28-unidades-brekkies/R-830826852/p
Mascotas,Snacks para perros pequeños Pedigree Dentastix fresh pack de 28 unidades,"8,80 €","20,00 €/kg",https://www.carrefour.es/supermercado/snacks-para-perros-pequenos-pedigree-dentastix-fresh-pack-de-28-unidades-pedigree/R-800757969/p
Mascotas,"Pienso de buey y arroz para perro adulto Mini Purina One piel y pelaje 1,5 Kg.","5,65 €","3,77 €/kg",https://www.carrefour.es/supermercado/pienso-de-buey-y-arroz-para-perro-adulto-mini-purina-one-piel-y-pelaje-1-5-kg/R-VC4AECOMM-488318/p
Mascotas,Pienso de pollo para perro adulto Medium Maxi Ultima 3 Kg.,"12,15 €","4,05 €/kg",https://www.carrefour.es/supermercado/pienso-de-pollo-para-perro-adulto-medium-maxi-ultima-3-kg-ultima/R-550701826/p
Mascotas,Purina Gourmet Perle Salsa Pollo 4x85 gr,"2,85 €","8,38 €/kg",https://www.carrefour.es/supermercado/purina-gourmet-perle-salsa-pollo-4x85-gr-gourmet-perle/R-prod720089/p
Mascotas,"Champú para Perro Uso Frecuente 1L, Carrefour","6,25 €","6,25 €/l",https://www.carrefour.es/supermercado/champu-para-perro-uso-frecuente-1l-carrefour-carrefour/R-720860547/p
Mascotas,Vitakraft Menú para Agapornis,"5,39 €","5,39 €/ud",https://www.carrefour.es/supermercado/vitakraft-menu-para-agapornis-vitakraft/R-720860739/p
Mascotas,Barritas para aves de frutas y miel SanDimas 90 g.,"1,75 €","1,75 €/ud",https://www.carrefour.es/supermercado/barritas-para-aves-de-frutas-y-miel-sandimas-90-g/R-VC4AECOMM-501661/p
Mascotas,"Arena Sandy para Pájaros Vitakraft 2,5 Kg","3,44 €","1,38 €/kg",https://www.carrefour.es/supermercado/arena-sandy-para-pajaros-vitakraft-2-5-kg-vitakraft/R-553703698/p
Mascotas,Menú peces de agua fría Vitakraft 250 ml,"2,50 €","10,00 €/l",https://www.carrefour.es/supermercado/menu-peces-de-agua-fria-vitakraft-250-ml/R-VC4AECOMM-659585/p
Mascotas,Whiskas Multipack de 4 Bolsitas para Gatos Senior Selección de Aves 100gr,"1,86 €","4,65 €/kg",https://www.carrefour.es/supermercado/whiskas-multipack-de-4-bolsitas-para-gatos-senior-seleccion-de-aves-100gr-whiskas/R-prod880182/p
Mascotas,Sheba Multipack de 6 Bolsitas Délices Du Jour para Gatos de Carnes,"2,50 €","8,33 €/kg",https://www.carrefour.es/supermercado/sheba-multipack-de-6-bolsitas-delices-du-jour-para-gatos-de-carnes-sheba/R-829041923/p
Mascotas,Purina ONE Bifensis Pienso para Gatos Esterilizados Buey y Trigo 800g,"3,89 €","4,86 €/kg",https://www.carrefour.es/supermercado/purina-one-bifensis-pienso-para-gatos-esterilizados-buey-y-trigo-800g-one/R-798482523/p
Mascotas,"Brekkies Pienso para Gato Adultos salmón, atún y verdura 1.5 kg","4,10 €","2,73 €/kg",https://www.carrefour.es/supermercado/brekkies-pienso-para-gato-adultos-salmon-atun-y-verdura-15-kg-brekkies/R-720860449/p
Mascotas,"Pienso de pollo y arroz para perro Buldog Francés Ultima 1,5 Kg.","6,95 €","4,63 €/kg",https://www.carrefour.es/supermercado/pienso-de-pollo-y-arroz-para-perro-buldog-frances-ultima-1-5-kg-ultima/R-720860581/p
Mascotas,Comida húmeda de buey y pato para perros Mini Purina One Active pack de 4 unidades de 100 g.,"2,35 €","5,87 €/kg",https://www.carrefour.es/supermercado/comida-humeda-de-buey-y-pato-para-perros-mini-purina-one-active-pack-de-4-unidades-de-100-g-one-mini/R-prod231262/p
Mascotas,"Comida húmeda de salmón, arroz y zanahorias en salsa para perro Mini Purina One Delicate 4 unidades de 100 g.","2,30 €","5,75 €/kg",https://www.carrefour.es/supermercado/comida-humeda-de-salmon-arroz-y-zanahorias-en-salsa-para-perro-mini-purina-one-delicate-4-unidades-de-100-g-one-mini/R-prod770092/p
Mascotas,Purina ONE Bifensis Pienso para Gato Digestión Sensible Salmón y Cereales 800g,"3,79 €","4,74 €/kg",https://www.carrefour.es/supermercado/purina-one-bifensis-pienso-para-gato-digestion-sensible-salmon-y-cereales-800g-one/R-798482529/p
Mascotas,"Ultima Nature Pienso para Gato Adulto Sabor pollo 1,25kg.","8,95 €","7,16 €/kg",https://www.carrefour.es/supermercado/ultima-nature-pienso-para-gato-adulto-sabor-pollo-1-25kg-ultima/R-826217356/p
Mascotas,"Pienso de pollo para perro adulto Mini Ultima Nature 1,25 Kg.","8,45 €","6,76 €/kg",https://www.carrefour.es/supermercado/pienso-de-pollo-para-perro-adulto-mini-ultima-nature-1-25-kg-ultima/R-826217362/p
Mascotas,Purina Gourmet Gold Comida Húmeda para Gato Mousse Surtido 8x85g,"4,65 €","6,84 €/kg",https://www.carrefour.es/supermercado/purina-gourmet-gold-comida-humeda-para-gato-mousse-surtido-8x85g-gourmet-gold/R-550901871/p
Mascotas,Purina Gourmet Comida para Gato Gold Bocaditos en Salsa Pollo e Higado 85g,"0,69 €","8,12 €/kg",https://www.carrefour.es/supermercado/purina-gourmet-comida-para-gato-gold-bocaditos-en-salsa-pollo-e-higado-85g-gourmet-gold/R-521013152/p
Mascotas,"Purina Felix Pienso para Gato Crunchy&Soft de Buey, Pollo y Verduras 950g","3,69 €","3,88 €/kg",https://www.carrefour.es/supermercado/purina-felix-pienso-para-gato-crunchysoft-de-buey-pollo-y-verduras-950g/R-VC4AECOMM-503113/p
Mascotas,Galletas de jamón y queso para perro Purina Friskies Rolls 320 g.,"2,95 €","9,22 €/kg",https://www.carrefour.es/supermercado/galletas-de-jamon-y-queso-para-perro-purina-friskies-rolls-320-g/R-VC4AECOMM-213554/p
Mascotas,Carrefour Snacks para Perro de Buey 1 unidad,"1,95 €","1,95 €/ud",https://www.carrefour.es/supermercado/carrefour-snacks-para-perro-de-buey-1-unidad-carrefour/R-prod880639/p
Mascotas,Comida húmeda para perro cachorro Mini Ultima 150 g.,"1,08 €","7,20 €/kg",https://www.carrefour.es/supermercado/comida-humeda-para-perro-cachorro-mini-ultima-150-g-ultima/R-720863271/p
Mascotas,Vita verde heno + Diente de león Vitakraft 500g,"6,95 €","13,90 €/ud",https://www.carrefour.es/supermercado/vita-verde-heno-diente-de-leon-vitakraft-500g/R-VC4AECOMM-500476/p
Mascotas,Ratones Felpa para Gato Vitakraft For You 6 Uds,"2,27 €","0,38 €/ud",https://www.carrefour.es/supermercado/ratones-felpa-para-gato-vitakraft-for-you-6-uds-vitakraft/R-720868030/p
Mascotas,Pipetas permetrina para perro pequeño (1-15Kg) Dixie 3X1 ml,"11,95 €","11.950,00 €/ud",https://www.carrefour.es/supermercado/pipetas-permetrina-para-perro-pequeno-1-15kg-dixie-3x1-ml/R-VC4AECOMM-914883/p
Mascotas,Heno Vitakraft Vita Verde Efecto Prados,"5,95 €","5,95 €/kg",https://www.carrefour.es/supermercado/heno-vitakraft-vita-verde-efecto-prados-vitakraft/R-prod271252/p
Mascotas,Cat Yums Vitakraft Pollo con Hierba Gatera 40 gr,"1,79 €","44,75 €/kg",https://www.carrefour.es/supermercado/cat-yums-vitakraft-pollo-con-hierba-gatera-40-gr-vitakraft/R-832204940/p
Mascotas,Pienso de buey y arroz para perro adulto Mini Purina One 800 g.,"3,50 €","4,37 €/kg",https://www.carrefour.es/supermercado/pienso-de-buey-y-arroz-para-perro-adulto-mini-purina-one-800-g-one-mini/R-720860607/p
Mascotas,Pienso de pollo para perro Junior Purina Friskies Vitafit 3 Kg.,"7,45 €","2,48 €/kg",https://www.carrefour.es/supermercado/pienso-de-pollo-para-perro-junior-purina-friskies-vitafit-3-kg-friskies/R-720861233/p
Mascotas,"Pienso de pavo fresco, verduras y frutas para perro adulto Ultima Nature No Grain Mini 1,1 Kg.","8,15 €","7,41 €/kg",https://www.carrefour.es/supermercado/pienso-de-pavo-fresco-verduras-y-frutas-para-perro-adulto-ultima-nature-no-grain-mini-1-1-kg-ultima/R-prod930219/p
Mascotas,Ultima Pienso para Gato Adulto Esterilizado Sabor Salmón 800gr.,"4,19 €","5,24 €/kg",https://www.carrefour.es/supermercado/ultima-pienso-para-gato-adulto-esterilizado-sabor-salmon-800gr-ultima/R-prod301504/p
Mascotas,Comida húmeda de pollo y cordero para perro adulto Mini Purina One 4x100 g.,"2,35 €","5,87 €/kg",https://www.carrefour.es/supermercado/comida-humeda-de-pollo-y-cordero-para-perro-adulto-mini-purina-one-4x100-g-one-mini/R-842200502/p
Mascotas,"Ultima Pienso para Gato Adulto Sabor salmón y arroz 1,5kg","7,40 €","4,93 €/kg",https://www.carrefour.es/supermercado/ultima-pienso-para-gato-adulto-sabor-salmon-y-arroz-1-5kg-ultima/R-521007710/p
Mascotas,Purina ONE Bifensis Pienso para Gato Pelaje y Bolas de pelo Pollo y Cereales 800g,"3,85 €","4,81 €/kg",https://www.carrefour.es/supermercado/purina-one-bifensis-pienso-para-gato-pelaje-y-bolas-de-pelo-pollo-y-cereales-800g-one/R-798482535/p
Mascotas,Carrefour Gammarus Comida para Tortugas 25g,"1,98 €","7,92 €/kg",https://www.carrefour.es/supermercado/carrefour-gammarus-comida-para-tortugas-25g-carrefour/R-720860537/p
Mascotas,Toallitas húmedas con citronella y geranio para perros Vitakraft,"2,95 €","2,95 €/ud",https://www.carrefour.es/supermercado/toallitas-humedas-con-citronella-y-geranio-para-perros-vitakraft/R-VC4AECOMM-080731/p
Mascotas,Juguete para Gato Vitakraft Plumero,"1,61 €","1,61 €/ud",https://www.carrefour.es/supermercado/juguete-para-gato-vitakraft-plumero-vitakraft/R-720860755/p
Mascotas,Comida húmeda para perro Mini cachorro Ultima 4 unidades de 150 g.,"4,70 €","7,83 €/kg",https://www.carrefour.es/supermercado/comida-humeda-para-perro-mini-cachorro-ultima-4-unidades-de-150-g-ultima/R-720861351/p
Mascotas,Vitakraft Barritas para Conejos Enanos de Miel 2 uds,"2,20 €","1,10 €/ud",https://www.carrefour.es/supermercado/vitakraft-barritas-para-conejos-enanos-de-miel-2-uds-vitakraft/R-553703584/p
Mascotas,Vitakraft Rings Alfafa para Roedores 300g,"2,38 €","7,93 €/kg",https://www.carrefour.es/supermercado/vitakraft-rings-alfafa-para-roedores-300g-vitakraft/R-553703604/p
Mascotas,Bastones de Zanahoria para Conejos Enanos 50 grs,"1,99 €","39,80 €/kg",https://www.carrefour.es/supermercado/bastones-de-zanahoria-para-conejos-enanos-50-grs-vitakraft/R-553703606/p
Mascotas,Collar insecticida para perro blanco Dixie,"4,00 €","4,00 €/ud",https://www.carrefour.es/supermercado/collar-insecticida-para-perro-blanco-dixie-dixie/R-553302033/p
Mascotas,Menu Peces Tropicales 250 ml,"2,99 €","11,96 €/l",https://www.carrefour.es/supermercado/menu-peces-tropicales-250-ml-vitakraft/R-720868038/p
Mascotas,Pipeta Repelente Parásito para Gato Dixie,"7,95 €","7,95 €/ud",https://www.carrefour.es/supermercado/pipeta-repelente-parasito-para-gato-dixie-dixie/R-553302097/p
Mascotas,Pilots Salmon Braky 110gr para Gato,"1,95 €","17,73 €/kg",https://www.carrefour.es/supermercado/pilots-salmon-braky-110gr-para-gato-braky/R-836507091/p
Mascotas,"Purina Friskies Pienso para Gato Adulto Buey, Pollo y Verduras 1,5Kg","3,79 €","2,53 €/kg",https://www.carrefour.es/supermercado/purina-friskies-pienso-para-gato-adulto-buey-pollo-y-verduras-1-5kg-friskies/R-521007732/p
Mascotas,"Purina Friskies Pienso para Gato Adulto Conejo, Pollo y Verduras 1,5Kg","3,85 €","2,57 €/kg",https://www.carrefour.es/supermercado/purina-friskies-pienso-para-gato-adulto-conejo-pollo-y-verduras-1-5kg-friskies/R-521007736/p
Mascotas,Snack dental para perro mini Purina Dentalife 207 g. 21 unidades,"4,80 €","4,80 €/ud",https://www.carrefour.es/supermercado/snack-dental-para-perro-mini-purina-dentalife-207-g-21-unidades/R-prod770087/p
Mascotas,Purina One Gato Adulto Pollo y Buey 4x85 grs,"3,25 €","9,56 €/kg",https://www.carrefour.es/supermercado/purina-one-gato-adulto-pollo-y-buey-4x85-grs-purina-one/R-prod770086/p
Mascotas,Carrefour Snakcs para Perro de Buey 1 unidad,"2,95 €","2,95 €/ud",https://www.carrefour.es/supermercado/carrefour-snakcs-para-perro-de-buey-1-unidad-carrefour/R-prod880642/p
Mascotas,Menú ProVita Agapornis 750 gr Vitakraft,"5,90 €","7,87 €/kg",https://www.carrefour.es/supermercado/menu-provita-agapornis-750-gr-vitakraft-vitakraft/R-856300356/p
Mascotas,Pack de 2 Barritas para Canarios de Huevo y Semillas Vitakraft 54 gr,"1,70 €","15,74 €/ud",https://www.carrefour.es/supermercado/pack-de-2-barritas-para-canarios-de-huevo-y-semillas-vitakraft-54-gr-vitakraft/R-860400351/p
Mascotas,Cat-Stick Vitakraft Mini Atún y Bacalao,"1,09 €","0,36 €/ud",https://www.carrefour.es/supermercado/cat-stick-vitakraft-mini-atun-y-bacalao-vitakraft/R-830826697/p
Mascotas,Carrefour Croquetas para Perro Cachorro de Buey 4Kg,"4,90 €","1,22 €/kg",https://www.carrefour.es/supermercado/carrefour-croquetas-para-perro-cachorro-de-buey-4kg-carrefour/R-521007870/p
Mascotas,Barritas para Agapornis Vitakraft Miel,"4,00 €","4,00 €/ud",https://www.carrefour.es/supermercado/barritas-para-agapornis-vitakraft-miel-vitakraft/R-720863687/p
Mascotas,Comida para Conejillos de Indias 800 gr,"2,50 €","3,12 €/kg",https://www.carrefour.es/supermercado/comida-para-conejillos-de-indias-800-gr-carrefour/R-720864278/p
Mascotas,Carrefour Multicroquetas para Perro Adulto de Buey 4Kg,"3,80 €","0,95 €/kg",https://www.carrefour.es/supermercado/carrefour-multicroquetas-para-perro-adulto-de-buey-4kg-carrefour/R-521007867/p
Mascotas,Desodorante suavizante Champú 2en1 para perros Dixie 750 Ml,"5,42 €","7,23 €/l",https://www.carrefour.es/supermercado/desodorante-suavizante-champu-2en1-para-perros-dixie-750-ml-dixie/R-553302019/p
Mascotas,Bocaditos de carne para perro Vitakraft Treaties Bits 120 g.,"2,80 €","23,33 €/kg",https://www.carrefour.es/supermercado/bocaditos-de-carne-para-perro-vitakraft-treaties-bits-120-g-vitakraft/R-799715452/p
Mascotas,Purina ONE Bifensis Pienso para Gato Junior Pollo Y Cereales 450g,"2,40 €","5,33 €/kg",https://www.carrefour.es/supermercado/purina-one-bifensis-pienso-para-gato-junior-pollo-y-cereales-450g-one/R-550901637/p
Mascotas,"Purina Friskies Pienso para Gatos Esterilizados Gato Adulto Pavo y Verduras 1,5 Kg","4,35 €","2,90 €/kg",https://www.carrefour.es/supermercado/purina-friskies-pienso-para-gatos-esterilizados-gato-adulto-pavo-y-verduras-1-5-kg-friskies/R-prod231273/p
Mascotas,Pienso de salmón para perro Medium Ultima Maxi Sensitive 3 Kg.,"12,95 €","4,32 €/kg",https://www.carrefour.es/supermercado/pienso-de-salmon-para-perro-medium-ultima-maxi-sensitive-3-kg-ultima/R-fprod1190602/p
Mascotas,Pienso de pollo para perro adulto Yorkshire Terrier Ultima 800 g.,"4,20 €","5,25 €/kg",https://www.carrefour.es/supermercado/pienso-de-pollo-para-perro-adulto-yorkshire-terrier-ultima-800-g-ultima/R-804323379/p
Mascotas,Barritas para Canarios Vitakraft Fruta 2 Uds,"1,40 €","0,70 €/ud",https://www.carrefour.es/supermercado/barritas-para-canarios-vitakraft-fruta-2-uds-vitakraft/R-830826888/p
Mascotas,Whiskas Multipack de 4 Bolsitas para Gatos Adultos Selección de Pescados 100gr,"1,81 €","4,52 €/kg",https://www.carrefour.es/supermercado/whiskas-multipack-de-4-bolsitas-para-gatos-adultos-seleccion-de-pescados-100gr-whiskas/R-521032861/p
Mascotas,Pienso de buey y pescado para perro adulto Purina Friskies Vitafit omega,"6,20 €","2,07 €/kg",https://www.carrefour.es/supermercado/pienso-de-buey-y-pescado-para-perro-adulto-purina-friskies-vitafit-omega-friskies/R-720860627/p
Mascotas,Pienso de pollo y arroz para perro Junior Mini Purina One 800 g.,"3,40 €","4,25 €/kg",https://www.carrefour.es/supermercado/pienso-de-pollo-y-arroz-para-perro-junior-mini-purina-one-800-g-one-mini/R-prod62032/p
Mascotas,Pienso de buey para adulto Medium Maxi Ultima 3 Kg.,"10,35 €","3,45 €/kg",https://www.carrefour.es/supermercado/pienso-de-buey-para-adulto-medium-maxi-ultima-3-kg/R-prod221219/p
Mascotas,Purina Felix Comida Húmeda para Gato Sensations Gelatinas Selección Surtido de Carnes 4x100g,"2,20 €","5,50 €/kg",https://www.carrefour.es/supermercado/purina-felix-comida-humeda-para-gato-sensations-gelatinas-seleccion-surtido-de-carnes-4x100g-felix/R-826004279/p
Mascotas,Snack dental para perro mediano Purina Dentalife Multipack 24 unidades,"7,40 €","0,31 €/ud",https://www.carrefour.es/supermercado/snack-dental-para-perro-mediano-purina-dentalife-multipack-24-unidades/R-VC4AECOMM-567636/p
Mascotas,Snack dental para perro pequeño Purina Friskies fresh 110 g.,"2,29 €","20,82 €/kg",https://www.carrefour.es/supermercado/snack-dental-para-perro-pequeno-purina-friskies-fresh-110-g-friskies/R-618801659/p
Mascotas,Carrefour Snacks para Perro de Pollo 80g,"1,95 €","0,49 €/ud",https://www.carrefour.es/supermercado/carrefour-snacks-para-perro-de-pollo-80g-carrefour/R-prod880175/p
Mascotas,Carrefour Champú para Perro Uso Frecuente 250ml,"3,49 €","13,96 €/l",https://www.carrefour.es/supermercado/carrefour-champu-para-perro-uso-frecuente-250ml-carrefour/R-720860545/p
Mascotas,Pack bolsas higiénicas pack 24X20 + hueso dispensador,"11,95 €","0,50 €/ud",https://www.carrefour.es/supermercado/pack-bolsas-higienicas-pack-24x20-hueso-dispensador/R-VC4AECOMM-080727/p
Mascotas,Piedra Mineral para Roedores,"1,95 €","1,95 €/ud",https://www.carrefour.es/supermercado/piedra-mineral-para-roedores-vitakraft/R-553703328/p
Mascotas,Carrefour Comida para Pájaros Exóticos 1Kg,"1,95 €","2,50 €/kg",https://www.carrefour.es/supermercado/carrefour-comida-para-pajaros-exoticos-1kg-carrefour/R-555401577/p
Mascotas,Galletas para Roedores,"1,50 €","1,95 €/ud",https://www.carrefour.es/supermercado/galletas-para-roedores-carrefour/R-555401595/p
Mascotas,"Galletas para Pájaros, Carrefour","1,99 €","1,50 €/ud",https://www.carrefour.es/supermercado/galletas-para-pajaros-carrefour-carrefour/R-555401597/p
Mascotas,Virutas Roedores Vitakraft 14 l,"1,05 €","0,14 €/l",https://www.carrefour.es/supermercado/virutas-roedores-vitakraft-14-l-vitakraft/R-528413414/p
Mascotas,Snack para Gato Vitakraaft Stick Mini Pato,"4,20 €","0,35 €/ud",https://www.carrefour.es/supermercado/snack-para-gato-vitakraaft-stick-mini-pato-vitakraft/R-550901863/p
Mascotas,Collar insectifugo para perro negro Dixie,"1,81 €","4,20 €/ud",https://www.carrefour.es/supermercado/collar-insectifugo-para-perro-negro-dixie-dixie/R-720868152/p
Mascotas,Whiskas Multipack de 4 Bolsitas para Gatos Adultos Selección de Carnes 100gr,"3,79 €","4,52 €/kg",https://www.carrefour.es/supermercado/whiskas-multipack-de-4-bolsitas-para-gatos-adultos-seleccion-de-carnes-100gr-whiskas/R-521007746/p
Mascotas,"Purina Friskies Pienso para Gato Adulto Atún y Verduras 1,5Kg","1,30 €","2,53 €/kg",https://www.carrefour.es/supermercado/purina-friskies-pienso-para-gato-adulto-atun-y-verduras-1-5kg-friskies/R-521007734/p
Mascotas,Purina Gourmet Nature's Creations comida húmeda para gato rico en pollo 85 g.,"13,25 €","15,29 €/kg",https://www.carrefour.es/supermercado/purina-gourmet-natures-creations-comida-humeda-para-gato-rico-en-pollo-85-g/R-VC4AECOMM-458394/p
Mascotas,Snacks dental para perro mediano Purina Dentalife Multipack 42 unidades,"0,69 €","0,32 €/ud",https://www.carrefour.es/supermercado/snacks-dental-para-perro-mediano-purina-dentalife-multipack-42-unidades/R-VC4AECOMM-567631/p
Mascotas,Gourmet Gold Fondant Pollo 85 grs,"4,25 €","8,12 €/kg",https://www.carrefour.es/supermercado/gourmet-gold-fondant-pollo-85-grs-gourmet-gold/R-prod720087/p
Mascotas,"Champú de Espuma para Gatos Pelo Seco 150 Ml, Carrefour","2,40 €","28,33 €/l",https://www.carrefour.es/supermercado/champu-de-espuma-para-gatos-pelo-seco-150-ml-carrefour-carrefour/R-720860549/p
Mascotas,Snack dental para perros Mini Total Dent Brekkies 110g,"1,74 €","21,82 €/kg",https://www.carrefour.es/supermercado/snack-dental-para-perros-mini-total-dent-brekkies-110g-brekkies/R-720860585/p
Mascotas,Menú para Canarios Vitakraft 500 gr,"4,75 €","3,48 €/kg",https://www.carrefour.es/supermercado/menu-para-canarios-vitakraft-500-gr-vitakraft/R-553703572/p
Mascotas,Champú espuma seca para gatos SanDimas 200 ml,"12,30 €","4,75 €/ud",https://www.carrefour.es/supermercado/champu-espuma-seca-para-gatos-sandimas-200-ml/R-VC4AECOMM-501662/p
Mascotas,Menu Aroma para Conejos Enanos 5 kg,"4,15 €","2,46 €/kg",https://www.carrefour.es/supermercado/menu-aroma-para-conejos-enanos-5-kg-vitakraft/R-720868078/p
Mascotas,Collar insectifugo para perro marrón Dixie,"3,50 €","4,15 €/ud",https://www.carrefour.es/supermercado/collar-insectifugo-para-perro-marron-dixie-dixie/R-720868158/p
Mascotas,Braky Huesitos Rellenos 200 grs,"7,95 €","17,50 €/kg",https://www.carrefour.es/supermercado/braky-huesitos-rellenos-200-grs-braky/R-prod880277/p
Mascotas,Peine cortanudos para perro Spayk,"1,47 €","7,95 €/ud",https://www.carrefour.es/supermercado/peine-cortanudos-para-perro-spayk/R-prod880299/p
Mascotas,Barritas para Periquitos Vitakraft Kiwi 2 Uds,"2,75 €","0,73 €/ud",https://www.carrefour.es/supermercado/barritas-para-periquitos-vitakraft-kiwi-2-uds-vitakraft/R-830826745/p
Mascotas,Carrefour Comida para Granívoros 1Kg,"2,55 €","2,75 €/kg",https://www.carrefour.es/supermercado/carrefour-comida-para-granivoros-1kg-carrefour/R-720864266/p
Mascotas,Crema de Leche Vitakraft con Queso para Gatos 70gr,"1,75 €","25,00 €/kg",https://www.carrefour.es/supermercado/crema-de-leche-vitakraft-con-queso-para-gatos-70gr-vitakraft/R-799715458/p
Mascotas,Spray Gatos Vitakraft Catnip 50 ml,"2,49 €","49,80 €/l",https://www.carrefour.es/supermercado/spray-gatos-vitakraft-catnip-50-ml-vitakraft/R-prod880510/p
Mascotas,Pienso de aves y verduras para perro adulto Purina Dog Menú 15 Kg.,"17,80 €","1,19 €/kg",https://www.carrefour.es/supermercado/pienso-de-aves-y-verduras-para-perro-adulto-purina-dog-menu-15-kg-dog-menu/R-842200526/p
Mascotas,Pienso de buey para perro adulto Purina Friskies Vitafit Active 10 Kg.,"17,65 €","1,76 €/kg",https://www.carrefour.es/supermercado/pienso-de-buey-para-perro-adulto-purina-friskies-vitafit-active-10-kg-friskies/R-521007843/p
Mascotas,Comida húmeda de pollo y buey para perro adulto Mini Purina One pack 4 unidades de 100 g.,"2,30 €","5,75 €/kg",https://www.carrefour.es/supermercado/comida-humeda-de-pollo-y-buey-para-perro-adulto-mini-purina-one-pack-4-unidades-de-100-g-one-mini/R-prod231272/p
Mascotas,"Ultima Pienso para GatoAdultos Sabor Pollo y Arroz 1,5kg.","7,20 €","4,80 €/kg",https://www.carrefour.es/supermercado/ultima-pienso-para-gatoadultos-sabor-pollo-y-arroz-1-5kg-ultima/R-521007714/p
Mascotas,Purina Gourmet Nature's Creations comida húmeda para gato rico en pescado del océano 85 g.,"1,30 €","15,29 €/kg",https://www.carrefour.es/supermercado/purina-gourmet-natures-creations-comida-humeda-para-gato-rico-en-pescado-del-oceano-85-g/R-VC4AECOMM-458389/p
Mascotas,Comida húmeda para perro Mini Purina One Weight Control pack de 4 unidades de 100 g.,"2,30 €","5,75 €/kg",https://www.carrefour.es/supermercado/comida-humeda-para-perro-mini-purina-one-weight-control-pack-de-4-unidades-de-100-g-one-mini/R-prod770085/p
Mascotas,Snack para perro Vitakraft panza seca,"3,05 €","3,05 €/ud",https://www.carrefour.es/supermercado/snack-para-perro-vitakraft-panza-seca-vitakraft/R-720860743/p
Mascotas,Vitakraft Barritas para Conejo de Indias con Frutas 2 uds,"2,20 €","1,10 €/ud",https://www.carrefour.es/supermercado/vitakraft-barritas-para-conejo-de-indias-con-frutas-2-uds-vitakraft/R-720861377/p
Mascotas,Comida húmeda para perro Mini Senior Ultima 150 g.,"1,08 €","7,20 €/kg",https://www.carrefour.es/supermercado/comida-humeda-para-perro-mini-senior-ultima-150-g-ultima/R-720863249/p
Mascotas,Snack para perros Vitakraft Beef Burguer 18 g.,"0,95 €","52,78 €/kg",https://www.carrefour.es/supermercado/snack-para-perros-vitakraft-beef-burguer-18-g/R-VC4AECOMM-492833/p
Mascotas,2 Bolas de Plástico y 2 Bolas de Goma para Gato Vitalkraft,"1,97 €","1,97 €/ud",https://www.carrefour.es/supermercado/2-bolas-de-plastico-y-2-bolas-de-goma-para-gato-vitalkraft-vitakraft/R-720868224/p
Mascotas,Snacks de pollo para perro Quérico 3 unidades,"4,19 €","1,40 €/ud",https://www.carrefour.es/supermercado/snacks-de-pollo-para-perro-querico-3-unidades/R-830826892/p
Mascotas,Vitakraft Catnip Natural Gatos 20 gr,"1,95 €","97,50 €/kg",https://www.carrefour.es/supermercado/vitakraft-catnip-natural-gatos-20-gr-vitakraft/R-prod190354/p
Mascotas,Arenero con Borde Protector para Gatos,"9,95 €","9,95 €/ud",https://www.carrefour.es/supermercado/arenero-con-borde-protector-para-gatos-carrefour/R-prod190222/p
Mascotas,Snacks dental para perros medianos Pedigree Dentastix pack de 7 unidades,"3,15 €","17,50 €/kg",https://www.carrefour.es/supermercado/snacks-dental-para-perros-medianos-pedigree-dentastix-pack-de-7-unidades-pedigree/R-794633458/p
Mascotas,Snack dental para perro mediano Purina Dentalife Duraplus 197 g. 4 unidades,"3,25 €","16,50 €/kg",https://www.carrefour.es/supermercado/snack-dental-para-perro-mediano-purina-dentalife-duraplus-197-g-4-unidades/R-VC4AECOMM-213561/p
Mascotas,Snack dental para perro grande Purina Dentalife Duraplus 243 g. 3 unidades,"3,25 €","13,37 €/kg",https://www.carrefour.es/supermercado/snack-dental-para-perro-grande-purina-dentalife-duraplus-243-g-3-unidades/R-VC4AECOMM-213651/p
Mascotas,Pienso de cordero y cebada integral para perro adulto Purina Beyond 3 Kg.,"14,75 €","4,92 €/kg",https://www.carrefour.es/supermercado/pienso-de-cordero-y-cebada-integral-para-perro-adulto-purina-beyond-3-kg-beyond/R-prod420232/p
Mascotas,Purina ONE Bifensis Pienso para Gatos Esterilizados Pollo y Trigo 3Kg,"13,35 €","4,45 €/kg",https://www.carrefour.es/supermercado/purina-one-bifensis-pienso-para-gatos-esterilizados-pollo-y-trigo-3kg-one/R-826004275/p
Mascotas,Purina Gourmet Gold Comida Húmeda para Gato Doble Placer Pescado del Oceano 85g,"0,69 €","8,12 €/kg",https://www.carrefour.es/supermercado/purina-gourmet-gold-comida-humeda-para-gato-doble-placer-pescado-del-oceano-85g-gourmet-gold/R-550901717/p
Mascotas,Snacks dental para perro grande Purina Dentalife Multipack 36 unidades,"13,25 €","0,37 €/ud",https://www.carrefour.es/supermercado/snacks-dental-para-perro-grande-purina-dentalife-multipack-36-unidades/R-VC4AECOMM-567633/p
Mascotas,Purina One Indoor Gato Ternera y Atún 4x85 grs,"3,25 €","9,56 €/kg",https://www.carrefour.es/supermercado/purina-one-indoor-gato-ternera-y-atun-4x85-grs-purina-one/R-prod770079/p
Mascotas,Tetra Reptomin Energy Comida para Totugas Acuáticas 250 ml,"7,59 €","30,36 €/l",https://www.carrefour.es/supermercado/tetra-reptomin-energy-comida-para-totugas-acuaticas-250-ml-tetra/R-720861175/p
Mascotas,Vitakraft Barritas para Periquitos de Miel 2 uds,"1,47 €","0,73 €/ud",https://www.carrefour.es/supermercado/vitakraft-barritas-para-periquitos-de-miel-2-uds-vitakraft/R-830826743/p
Mascotas,Comedero plegable silicona para mascotas SanDimas 15 cm,"2,95 €","2,95 €/ud",https://www.carrefour.es/supermercado/comedero-plegable-silicona-para-mascotas-sandimas-15-cm/R-VC4AECOMM-501640/p
Mascotas,Champú repelente de insectos Dixie 350 Ml,"4,20 €","12,00 €/l",https://www.carrefour.es/supermercado/champu-repelente-de-insectos-dixie-350-ml-dixie/R-553302025/p
Mascotas,Collar Repelente de Parásitos para Gato y Cachorro Dixie,"5,00 €","5,00 €/ud",https://www.carrefour.es/supermercado/collar-repelente-de-parasitos-para-gato-y-cachorro-dixie-dixie/R-553302037/p
Mascotas,Cortauñas profesional para perros Spayk,"5,95 €","5,95 €/ud",https://www.carrefour.es/supermercado/cortaunas-profesional-para-perros-spayk-nd/R-836507073/p
Mascotas,"Pienso de buey para perro Purina Beyond 1,2 Kg.","7,95 €","6,62 €/kg",https://www.carrefour.es/supermercado/pienso-de-buey-para-perro-purina-beyond-1-2-kg/R-VC4AECOMM-213635/p
Mascotas,Carrefour Snacks para Perro de Piel de Buey,"2,95 €","2,95 €/ud",https://www.carrefour.es/supermercado/carrefour-snacks-para-perro-de-piel-de-buey-carrefour/R-prod880637/p
Mascotas,Snack dental para perros Maxi Total Dent Brekkies 270 g.,"2,99 €","11,07 €/kg",https://www.carrefour.es/supermercado/snack-dental-para-perros-maxi-total-dent-brekkies-270-g-brekkies/R-720860589/p
Mascotas,Snack dental para perro Medium Interdental Ultima 210g,"3,09 €","14,71 €/kg",https://www.carrefour.es/supermercado/snack-dental-para-perro-medium-interdental-ultima-210g-ultima/R-720860593/p
Mascotas,Tetra Aquasafe 250 ml,"10,20 €","40,80 €/l",https://www.carrefour.es/supermercado/tetra-aquasafe-250-ml-tetra/R-553703538/p
Mascotas,Alimento para Peces Tetragoldfish Escama 1 L,"11,65 €","11,65 €/l",https://www.carrefour.es/supermercado/alimento-para-peces-tetragoldfish-escama-1-l-tetra/R-553703558/p
Mascotas,Crema de Leche Vitakraft para Gatos 70gr,"1,75 €","25,00 €/kg",https://www.carrefour.es/supermercado/crema-de-leche-vitakraft-para-gatos-70gr-vitakraft/R-799715456/p
Mascotas,Pienso de pollo con arroz para perro adulto Purina Beyond Bio 700 g.,"6,95 €","9,93 €/kg",https://www.carrefour.es/supermercado/pienso-de-pollo-con-arroz-para-perro-adulto-purina-beyond-bio-700-g/R-VC4AECOMM-488339/p
Mascotas,"Pienso de buey, verduras y cereales para perros Brekkies Excel 10 Kg.","17,95 €","1,79 €/kg",https://www.carrefour.es/supermercado/pienso-de-buey-verduras-y-cereales-para-perros-brekkies-excel-10-kg-brekkies/R-521013089/p
Mascotas,"Ultima Pienso para Gato control bolas de pelo Sabor Pavo 1,5kg","7,85 €","5,23 €/kg",https://www.carrefour.es/supermercado/ultima-pienso-para-gato-control-bolas-de-pelo-sabor-pavo-1-5kg-ultima/R-prod221322/p
Mascotas,Purina Gourmet Gold Comida para Gato Húmeda Tarrine Conejo 85g,"0,69 €","8,12 €/kg",https://www.carrefour.es/supermercado/purina-gourmet-gold-comida-para-gato-humeda-tarrine-conejo-85g-gourmet-gold/R-794633496/p
Mascotas,Carrefour Comida Granulada para Carpines Dorados 100g,"2,89 €","28,90 €/kg",https://www.carrefour.es/supermercado/carrefour-comida-granulada-para-carpines-dorados-100g-carrefour/R-720860527/p
Mascotas,Pipetas para perro grande con acción repelente Dixie,"8,95 €","4,47 €/ud",https://www.carrefour.es/supermercado/pipetas-para-perro-grande-con-accion-repelente-dixie-dixie/R-553301659/p
Mascotas,Comida húmeda de buey para perro Mini Senior Ultima 150 g.,"1,12 €","7,47 €/kg",https://www.carrefour.es/supermercado/comida-humeda-de-buey-para-perro-mini-senior-ultima-150-g-ultima/R-720861239/p
Mascotas,Tetra Plantamin 100 ml,"4,79 €","47,90 €/l",https://www.carrefour.es/supermercado/tetra-plantamin-100-ml-tetra/R-553703540/p
Mascotas,Vitakraft Barritas para Periquitos Energía 2 uds,"1,47 €","0,73 €/ud",https://www.carrefour.es/supermercado/vitakraft-barritas-para-periquitos-energia-2-uds-vitakraft/R-553703590/p
Mascotas,Tetra Crystalwater 100 ml,"5,95 €","59,50 €/l",https://www.carrefour.es/supermercado/tetra-crystalwater-100-ml-tetra/R-720864159/p
Mascotas,Comida para Hervíboros 3kg,"6,95 €","2,32 €/kg",https://www.carrefour.es/supermercado/comida-para-herviboros-3kg-carrefour/R-720864312/p
Mascotas,Carrefour Comida para Chinchillas 800g,"2,50 €","3,12 €/kg",https://www.carrefour.es/supermercado/carrefour-comida-para-chinchillas-800g-carrefour/R-720864344/p
Mascotas,Champú espuma seca para perros cachorros SanDimas 200 ml,"4,75 €","4,75 €/ud",https://www.carrefour.es/supermercado/champu-espuma-seca-para-perros-cachorros-sandimas-200-ml/R-VC4AECOMM-501660/p
Mascotas,Snack dental para perros Mini Brekkies Total Dent 440 g.,"8,90 €","20,23 €/kg",https://www.carrefour.es/supermercado/snack-dental-para-perros-mini-brekkies-total-dent-440-g-brekkies/R-830826850/p
Mascotas,Snack dental para perro pequeño Purina Dentalife Duraplus 170 g. 5 unidades,"3,25 €","19,12 €/kg",https://www.carrefour.es/supermercado/snack-dental-para-perro-pequeno-purina-dentalife-duraplus-170-g-5-unidades/R-VC4AECOMM-213633/p
Mascotas,Whiskas Multipack de 4 Bolsitas para Gatos Adultos Selección de Aves 100gr,"1,86 €","4,65 €/kg",https://www.carrefour.es/supermercado/whiskas-multipack-de-4-bolsitas-para-gatos-adultos-seleccion-de-aves-100gr-whiskas/R-829041929/p
Mascotas,Pienso de pollo para perros cachorros Mini Ultima 800 g.,"4,30 €","5,37 €/kg",https://www.carrefour.es/supermercado/pienso-de-pollo-para-perros-cachorros-mini-ultima-800-g-ultima/R-794633486/p
Mascotas,Purina Felix Comida Húmeda para Gato Fantastic Festín Gelatina Selección Surtido de Pescados 4x100g,"2,00 €","5,00 €/kg",https://www.carrefour.es/supermercado/purina-felix-comida-humeda-para-gato-fantastic-festin-gelatina-seleccion-surtido-de-pescados-4x100g-felix/R-720868286/p
Mascotas,Snacks dental para perro pequeño Purina Dentalife Multipack 54 unidades,"13,25 €","0,25 €/ud",https://www.carrefour.es/supermercado/snacks-dental-para-perro-pequeno-purina-dentalife-multipack-54-unidades/R-VC4AECOMM-567637/p
Mascotas,Carrefour Snacks para Perro,"5,95 €","5,95 €/ud",https://www.carrefour.es/supermercado/carrefour-snacks-para-perro-carrefour/R-prod880643/p
Mascotas,Carrefour Champú para Perro Anticaída 250ml,"3,49 €","13,96 €/l",https://www.carrefour.es/supermercado/carrefour-champu-para-perro-anticaida-250ml-carrefour/R-720860539/p
Mascotas,Vitakraft Arena para Chinchilla Sandy 1Kg,"7,00 €","7,00 €/kg",https://www.carrefour.es/supermercado/vitakraft-arena-para-chinchilla-sandy-1kg-vitakraft/R-553703614/p
Mascotas,Barritas para aves de huevo y cereales SanDimas 90 g.,"1,75 €","1,75 €/ud",https://www.carrefour.es/supermercado/barritas-para-aves-de-huevo-y-cereales-sandimas-90-g/R-VC4AECOMM-501655/p
Mascotas,Menú para Periquitos Vitakraft Premium Life 800 gr,"3,81 €","4,76 €/kg",https://www.carrefour.es/supermercado/menu-para-periquitos-vitakraft-premium-life-800-gr-vitakraft/R-830826790/p
Mascotas,Purina ONE Pienso para Gato Adulto Esterilizado Salmón y Trigo 3Kg,"13,35 €","4,45 €/kg",https://www.carrefour.es/supermercado/purina-one-pienso-para-gato-adulto-esterilizado-salmon-y-trigo-3kg-one/R-830826811/p
Mascotas,Cepillo Nylon Roedores Spuck,"3,95 €","3,95 €/ud",https://www.carrefour.es/supermercado/cepillo-nylon-roedores-spuck-spuck/R-836507079/p
Mascotas,Purina Beyond Grain Free Comida Seca para Gato Pollo 700 grs,"5,30 €","7,57 €/kg",https://www.carrefour.es/supermercado/purina-beyond-grain-free-comida-seca-para-gato-pollo-700-grs/R-VC4AECOMM-213558/p
Mascotas,Snack Perro Duo Barritas 100 gr,"0,75 €","7,50 €/kg",https://www.carrefour.es/supermercado/snack-perro-duo-barritas-100-gr-carrefour/R-550701478/p
Mascotas,Snack dental para perros Total Dent Excel Brekkies 180 g.,"2,50 €","13,89 €/kg",https://www.carrefour.es/supermercado/snack-dental-para-perros-total-dent-excel-brekkies-180-g-brekkies/R-550701544/p
Mascotas,Tetragammarus 1 L,"12,50 €","12,50 €/l",https://www.carrefour.es/supermercado/tetragammarus-1-l/R-553703562/p
Mascotas,Barritas para Loro Africano Vitakraft Miel,"4,00 €","4,00 €/ud",https://www.carrefour.es/supermercado/barritas-para-loro-africano-vitakraft-miel-vitakraft/R-720861375/p
Mascotas,Paja Vitakraft 30L,"4,50 €","0,15 €/l",https://www.carrefour.es/supermercado/paja-vitakraft-30l/R-VC4AECOMM-406947/p
Mascotas,Solución antiparasitaria Dixie 500 ml,"7,95 €","15,90 €/l",https://www.carrefour.es/supermercado/solucion-antiparasitaria-dixie-500-ml/R-521007922/p
Mascotas,Snacks para perros grandes Pedigree Dentastix fresh pack de 7 unidades de 270 g.,"4,48 €","16,59 €/kg",https://www.carrefour.es/supermercado/snacks-para-perros-grandes-pedigree-dentastix-fresh-pack-de-7-unidades-de-270-g-pedigree/R-800757967/p
Mascotas,Pienso de pescado y avena para perro Purina Beyond 3Kg,"12,95 €","4,32 €/kg",https://www.carrefour.es/supermercado/pienso-de-pescado-y-avena-para-perro-purina-beyond-3kg/R-VC4AECOMM-488328/p
Mascotas,Pienso de pollo y cereales para perros Brekkies 10 Kg.,"17,95 €","1,79 €/kg",https://www.carrefour.es/supermercado/pienso-de-pollo-y-cereales-para-perros-brekkies-10-kg-brekkies/R-521032878/p
Mascotas,Dafnias para Capines Dorados 35 gr,"2,40 €","6,86 €/kg",https://www.carrefour.es/supermercado/dafnias-para-capines-dorados-35-gr-carrefour/R-720860533/p
Mascotas,Menú Provita para Cotorras 750 gr,"4,95 €","6,60 €/kg",https://www.carrefour.es/supermercado/menu-provita-para-cotorras-750-gr-vitakraft/R-860400353/p
Mascotas,Menú Provita para Loros 750 gr Vita,"4,95 €","6,60 €/ud",https://www.carrefour.es/supermercado/menu-provita-para-loros-750-gr-vita-vitakraft/R-860400355/p
Mascotas,Arnés para Conejos Vitakraft,"4,95 €","4,95 €/ud",https://www.carrefour.es/supermercado/arnes-para-conejos-vitakraft-vitakraft/R-720860767/p
Mascotas,Tetramin Escamas 250 ml,"6,95 €","27,80 €/l",https://www.carrefour.es/supermercado/tetramin-escamas-250-ml-tetra/R-553703546/p
Mascotas,Tetragammarus 500 ml,"7,65 €","15,30 €/l",https://www.carrefour.es/supermercado/tetragammarus-500-ml/R-553703566/p
Mascotas,Menú Gato Purina One® Esterilizado Rico en Buey y Trigo 3Kg,"13,35 €","4,45 €/kg",https://www.carrefour.es/supermercado/menu-gato-purina-one-esterilizado-rico-en-buey-y-trigo-3kg-one/R-720861439/p
Mascotas,Tetra Reptomin Comida para Tortugas Acuáticas 1L/220g,"21,90 €","99,55 €/kg",https://www.carrefour.es/supermercado/tetra-reptomin-comida-para-tortugas-acuaticas-1l-220g-tetra/R-720864155/p
Mascotas,"Comida para Herbívoros 1,2 kg","2,95 €","2,46 €/kg",https://www.carrefour.es/supermercado/comida-para-herbivoros-1-2-kg-carrefour/R-720864264/p
Mascotas,Tetra Easy-Balance 250 ml,"10,85 €","43,40 €/l",https://www.carrefour.es/supermercado/tetra-easy-balance-250-ml-tetra/R-553703688/p
Mascotas,Carda Roedores Spuk Puntasoft,"4,95 €","4,95 €/ud",https://www.carrefour.es/supermercado/carda-roedores-spuk-puntasoft-spuck/R-836507077/p
Mascotas,Cortauñas Roedores Spuck,"4,95 €","4,95 €/ud",https://www.carrefour.es/supermercado/cortaunas-roedores-spuck-spuck/R-836507083/p
Mascotas,Purina Gourmet Gold comida para gato húmeda tartalette surtido 24x85g,"12,50 €","0,52 €/ud",https://www.carrefour.es/supermercado/purina-gourmet-gold-comida-para-gato-humeda-tartalette-surtido-24x85g/R-VC4AECOMM-488310/p
Mascotas,Vitakraft Menu Iguanas Turtle Special 1l,"12,19 €","12,19 €/l",https://www.carrefour.es/supermercado/vitakraft-menu-iguanas-turtle-special-1l-vitakraft/R-830826711/p
Mascotas,Tetrapond Sticks 1 L,"5,20 €","5,20 €/l",https://www.carrefour.es/supermercado/tetrapond-sticks-1-l-tetra/R-553703560/p
Mascotas,Tetrareptomin Joven 100 ml,"3,79 €","145,77 €/kg",https://www.carrefour.es/supermercado/tetrareptomin-joven-100-ml/R-720864157/p
Mascotas,2 Pipetas de Insecticida para Perro Grande Dixie 20-40Kg,"12,50 €","6,25 €/ud",https://www.carrefour.es/supermercado/2-pipetas-de-insecticida-para-perro-grande-dixie-20-40kg-dixie/R-829844379/p
Mascotas,Pipetas permetrina para perro grande (15-60Kg) Dixie 3X2 ml,"14,80 €","14.800,00 €/ud",https://www.carrefour.es/supermercado/pipetas-permetrina-para-perro-grande-15-60kg-dixie-3x2-ml/R-VC4AECOMM-914885/p
Mascotas,Collar para perro Shiny 10x300 Mm,"5,95 €","5,95 €/ud",https://www.carrefour.es/supermercado/collar-para-perro-shiny-10x300-mm/R-836507095/p
Mascotas,"Arena Absorbente para Gatos 7 l, Carrefour","0,89 €","0,13 €/l",https://www.carrefour.es/supermercado/arena-absorbente-para-gatos-7-l-carrefour-carrefour/R-720861307/p
Mascotas,Arena Aglomerante Compacta Carrefour 4Kg,"2,90 €","0,72 €/kg",https://www.carrefour.es/supermercado/arena-aglomerante-compacta-carrefour-4kg-carrefour/R-521007813/p
Mascotas,Alimento Húmedo para Gato con Buey y Zanahorias 400gr,"0,31 €","0,77 €/kg",https://www.carrefour.es/supermercado/alimento-humedo-para-gato-con-buey-y-zanahorias-400gr-carrefour/R-550901707/p
Mascotas,"Alimento Húmedo para Gatos Carne Surtida 100 gr, Carrefour","2,99 €","2,49 €/kg",https://www.carrefour.es/supermercado/alimento-humedo-para-gatos-carne-surtida-100-gr-carrefour-carrefour/R-550901619/p
Mascotas,Snoby Comida para Canarios 500g,"0,65 €","1,30 €/kg",https://www.carrefour.es/supermercado/snoby-comida-para-canarios-500g/R-794633436/p
Mascotas,"Purina ONE Pienso para Gato Adulto Esterilizado Buey y Trigo 1,5Kg","6,90 €","4,60 €/kg",https://www.carrefour.es/supermercado/purina-one-pienso-para-gato-adulto-esterilizado-buey-y-trigo-1-5kg-one/R-550901647/p
Mascotas,Pedigree Galletas Biscrock Snack para Perro 500gr,"2,05 €","4,10 €/kg",https://www.carrefour.es/supermercado/pedigree-galletas-biscrock-snack-para-perro-500gr-pedigree/R-521007906/p
Mascotas,Carrefour Comida para Conejos Snoby 500g,"0,79 €","1,58 €/kg",https://www.carrefour.es/supermercado/carrefour-comida-para-conejos-snoby-500g-carrefour/R-794633444/p
Mascotas,Pienso de salmón para perro Medium Ultima Maxi Sensitive 7 Kg.,"28,00 €","4,00 €/kg",https://www.carrefour.es/supermercado/pienso-de-salmon-para-perro-medium-ultima-maxi-sensitive-7-kg-ultima/R-fprod1190581/p
Mascotas,Vitakraft Menú Aroma para Cobayas 3Kg,"3,50 €","2,37 €/kg",https://www.carrefour.es/supermercado/vitakraft-menu-aroma-para-cobayas-3kg-vitakraft/R-720868062/p
Parafarmacia,Mascarilla quirúrgica II R Tecnol 50 ud.,"7,20 €","0,14 €/ud",https://www.carrefour.es/supermercado/mascarilla-quirurgica-ii-r-tecnol-50-ud/R-VC4AECOMM-605645/p
Parafarmacia,Bastoncillos de algodón 200 ud.,"0,68 €",N/A,https://www.carrefour.es/supermercado/bastoncillos-de-algodon-200-ud-producto-blanco/R-835033653/p
Parafarmacia,Gel de mano hidroalcohólico 70% alcohol perfume limón Carrefour 500 ml.,"2,50 €","0,70 €/100ml",https://www.carrefour.es/supermercado/gel-de-mano-hidroalcoholico-70-alcohol-perfume-limon-carrefour-500-ml/R-VC4AECOMM-443053/p
Parafarmacia,Agua oxigenada 10 volúmenes Carrefour 250 ml.,"2,85 €","0,22 €/100ml",https://www.carrefour.es/supermercado/agua-oxigenada-10-volumenes-carrefour-250-ml-carrefour/R-521001131/p
Parafarmacia,Limpiador en spray multisuperficies 99% alcohol Fresh Beauty 200 ml.,"0,75 €","1,25 €/100ml",https://www.carrefour.es/supermercado/limpiador-en-spray-multisuperficies-99-alcohol-fresh-beauty-200-ml/R-VC4AECOMM-491565/p
Parafarmacia,Limpiador de biberones y tetinas ecológico Frosch 500 ml.,"4,15 €","5,70 €/100ml",https://www.carrefour.es/supermercado/limpiador-de-biberones-y-tetinas-ecologico-frosch-500-ml-frosch/R-826004689/p
Parafarmacia,Gel de manos hidroalcohólico perfume limón Carrefour Soft 100 ml.,"3,29 €","0,85 €/100ml",https://www.carrefour.es/supermercado/gel-de-manos-hidroalcoholico-perfume-limon-carrefour-soft-100-ml-carrefour/R-521014459/p
Parafarmacia,Tiras adhesivas color piel varios tamaños Carrefour 24 ud.,"0,61 €","0,03 €/ud",https://www.carrefour.es/supermercado/tiras-adhesivas-color-piel-varios-tamanos-carrefour-24-ud-carrefour/R-521012996/p
Parafarmacia,Gel hidroalcohocólico 70 % Sac 500 ml.,"1,12 €","0,83 €/100ml",https://www.carrefour.es/supermercado/gel-hidroalcohocolico-70-sac-500-ml/R-VC4AECOMM-507326/p
Parafarmacia,Suero fisiológico Carrefour 30 ud.,"3,39 €","2,19 €/100ml",https://www.carrefour.es/supermercado/suero-fisiologico-carrefour-30-ud-carrefour/R-826752915/p
Parafarmacia,Dentífrico Expert 10 en 1 Carrefour 75 ml.,"7,20 €","0,81 €/100ml",https://www.carrefour.es/supermercado/dentifrico-expert-10-en-1-carrefour-75-ml/R-fprod1460444/p
Parafarmacia,Alcohol 70 Noriega 250 ml.,"1,60 €","0,45 €/100ml",https://www.carrefour.es/supermercado/alcohol-70-noriega-250-ml-noriega/R-617301596/p
Parafarmacia,Gasas Esteriles Carrefour 100 ud.,"1,45 €","0,03 €/ud",https://www.carrefour.es/supermercado/gasas-esteriles-carrefour-100-ud-carrefour/R-521001118/p
Parafarmacia,Gel de ducha Elixir de Argan Natural Honey 750 ml.,"1,06 €","0,38 €/100ml",https://www.carrefour.es/supermercado/gel-de-ducha-elixir-de-argan-natural-honey-750-ml-natural-honey/R-prod731240/p
Parafarmacia,Mascarillas facial higiénica 3 capas no reutilizable Bergner 50 ud.,"9,99 €","0,14 €/ud",https://www.carrefour.es/supermercado/mascarillas-facial-higienica-3-capas-no-reutilizable-bergner-50-ud/R-VC4AECOMM-516895/p
Parafarmacia,Mascarilla facial higiénica no reutilizable infantil 6-9 años Bergner 10 ud.,"2,30 €","0,25 €/ud",https://www.carrefour.es/supermercado/mascarilla-facial-higienica-no-reutilizable-infantil-6-9-anos-bergner-10-ud/R-VC4AECOMM-582128/p
Parafarmacia,ALGODON CRF PRECORTADO 200GR,"6,35 €","0,80 €/100g",https://www.carrefour.es/supermercado/algodon-crf-precortado-200gr-carrefour/R-521001096/p
Parafarmacia,Mascarilla higiénica no reutilizable infantil talla M (6-9 años) Bergner 10 ud.,"4,95 €","0,14 €/ud",https://www.carrefour.es/supermercado/mascarilla-higienica-no-reutilizable-infantil-talla-m-6-9-anos-bergner-10-ud/R-VC4AECOMM-582129/p
Parafarmacia,Gel hidroalcohólico antiséptico para piel sana Snona dosificador de 500 ml.,"4,50 €","0,90 €/100ml",https://www.carrefour.es/supermercado/gel-hidroalcoholico-antiseptico-para-piel-sana-snona-dosificador-de-500-ml/R-VC4AECOMM-430971/p
Parafarmacia,Crema de manos tratamiento intensivo Dove-goodness 75 ml.,"2,70 €","3,60 €/100ml",https://www.carrefour.es/supermercado/crema-de-manos-tratamiento-intensivo-dove-goodness-75-ml-dove-goodness/R-820613930/p
Parafarmacia,Tiras adhesivas elásticas transpirables Carrefour 24 ud.,"1,06 €","0,04 €/ud",https://www.carrefour.es/supermercado/tiras-adhesivas-elasticas-transpirables-carrefour-24-ud/R-fprod1280571/p
Parafarmacia,Dentífrico antiplaca-anticaries Lacer 200 ml.,"5,69 €","2,84 €/100ml",https://www.carrefour.es/supermercado/dentifrico-antiplaca-anticaries-lacer-200-ml-lacer/R-671801791/p
Parafarmacia,Enjuague bucal antiseptico Oraldine 400 ml.,"6,65 €","1,66 €/100ml",https://www.carrefour.es/supermercado/enjuague-bucal-antiseptico-oraldine-400-ml-oraldine/R-590508838/p
Parafarmacia,Pack de 2 dentífricos Fluocaril 250 mg,"8,30 €","3,32 €/100ml",https://www.carrefour.es/supermercado/pack-de-2-dentifricos-fluocaril-250-mg-fluocaril/R-837010470/p
Parafarmacia,Líquido para lentes de contacto Solución Carrefour 360 ml.,"3,99 €","1,11 €/100ml",https://www.carrefour.es/supermercado/liquido-para-lentes-de-contacto-solucion-carrefour-360-ml-carrefour/R-521001147/p
Parafarmacia,Tabletas limpiadoras para prótesis dentales oxígeno activo,"4,70 €","0,16 €/ud",https://www.carrefour.es/supermercado/tabletas-limpiadoras-para-protesis-dentales-oxigeno-activo-polident/R-521000364/p
Parafarmacia,Dentífrico infantil de 2 a 6 años Fluor Kin 100 ml.,"4,15 €","5,53 €/100ml",https://www.carrefour.es/supermercado/dentifrico-infantil-de-2-a-6-anos-fluor-kin-100-ml-kin/R-590502706/p
Parafarmacia,Colutorio previene sangrado gingival Gingilacer 500 ml.,"7,75 €","1,55 €/100ml",https://www.carrefour.es/supermercado/colutorio-previene-sangrado-gingival-gingilacer-500-ml-gingilacer/R-590508010/p
Parafarmacia,Esparadrapo de seda de alta resistencia Carrefour 1 ud.,"1,24 €","1,24 €/ud",https://www.carrefour.es/supermercado/esparadrapo-de-seda-de-alta-resistencia-carrefour-1-ud-carrefour/R-798482465/p
Parafarmacia,Apósitos Universal Surtido 4 tamaños Hansaplast 40 ud.,"2,15 €","0,05 €/ud",https://www.carrefour.es/supermercado/apositos-universal-surtido-4-tamanos-hansaplast-40-ud-hansaplast/R-521001112/p
Parafarmacia,Galletas infantiles desde 12 meses Nestlé 180 g.,"2,09 €","11,61 €/kg",https://www.carrefour.es/supermercado/galletas-infantiles-desde-12-meses-nestle-180-g-nestle-junior/R-655201713/p
Parafarmacia,Crema de manos concentrada Neutrogena pack de 2 unidades de 50 ml.,"10,55 €","10,55 €/100ml",https://www.carrefour.es/supermercado/crema-de-manos-concentrada-neutrogena-pack-de-2-unidades-de-50-ml-neutrogena/R-692602468/p
Parafarmacia,Alcohol sanitario 96º Dyns 250 ml.,"2,09 €","0,84 €/100ml",https://www.carrefour.es/supermercado/alcohol-sanitario-96-dyns-250-ml/R-VC4AECOMM-504209/p
Parafarmacia,Gel de manos hidroalcohólico perfume limón Carrefour 1 l.,"2,99 €","0,50 €/100ml",https://www.carrefour.es/supermercado/gel-de-manos-hidroalcoholico-perfume-limon-carrefour-1-l/R-VC4AECOMM-596153/p
Parafarmacia,Discos de lactancia ultra-absorbente Carrefour Baby 30 ud.,"2,09 €","2,99 €/ud",https://www.carrefour.es/supermercado/discos-de-lactancia-ultra-absorbente-carrefour-baby-30-ud-carrefour-baby/R-819114704/p
Parafarmacia,Galletitas Almirón Advance 180 g,"5,80 €","11,61 €/kg",https://www.carrefour.es/supermercado/galletitas-almiron-advance-180-g-almiron/R-713315964/p
Parafarmacia,Dentífrico Encías Vitis 100 ml.,"7,85 €","5,80 €/100ml",https://www.carrefour.es/supermercado/dentifrico-encias-vitis-100-ml-vitis/R-590508806/p
Parafarmacia,Gel de manos desinfectante Sanytol 500 ml.,"7,85 €","1,57 €/100ml",https://www.carrefour.es/supermercado/gel-de-manos-desinfectante-sanytol-500-ml/R-VC4AECOMM-605010/p
Parafarmacia,Dentífrico para el cuidado de las encías original menta y jengibre Parodontax pack de 2 unidades de 75 ml.,"1,02 €","5,23 €/100ml",https://www.carrefour.es/supermercado/dentifrico-para-el-cuidado-de-las-encias-original-menta-y-jengibre-parodontax-pack-de-2-unidades-de-75-ml/R-VC4AECOMM-459377/p
Parafarmacia,Mascarilla facial higiénica no reutilizable colores adulto Bergner 10 ud.,"13,60 €","0,25 €/ud",https://www.carrefour.es/supermercado/mascarilla-facial-higienica-no-reutilizable-colores-adulto-bergner-10-ud/R-VC4AECOMM-582120/p
Parafarmacia,Crema de manos concentrada con perfume Neutrogena 50 ml.,"6,65 €","13,30 €/100ml",https://www.carrefour.es/supermercado/crema-de-manos-concentrada-con-perfume-neutrogena-50-ml-neutrogena/R-590507806/p
Parafarmacia,Dentífrico acción integral Lacer Oros 125 ml.,"6,70 €","5,36 €/100ml",https://www.carrefour.es/supermercado/dentifrico-accion-integral-lacer-oros-125-ml-lacer-oros/R-590507974/p
Parafarmacia,Alcohol de romero Carrefour 250 ml.,"1,99 €","0,80 €/100ml",https://www.carrefour.es/supermercado/alcohol-de-romero-carrefour-250-ml-carrefour/R-prod930176/p
Parafarmacia,Enjuague bucal Gingilacer 1000 ml.,"14,60 €","1,46 €/100ml",https://www.carrefour.es/supermercado/enjuague-bucal-gingilacer-1000-ml-gingilacer/R-682701854/p
Parafarmacia,Gel hidroalcohólico 70% Sac 100 ml.,"1,92 €","1,92 €/100ml",https://www.carrefour.es/supermercado/gel-hidroalcoholico-70-sac-100-ml/R-VC4AECOMM-505119/p
Parafarmacia,Tiras adhesivas transparentes surtidas Carrefour 24 ud.,"1,12 €","0,05 €/ud",https://www.carrefour.es/supermercado/tiras-adhesivas-transparentes-surtidas-carrefour-24-ud-carrefour/R-521008317/p
Parafarmacia,Tiras adhesivas de tejido elástico 10x6 cm. Carrefour 10 ud.,"1,55 €","2,58 €/m",https://www.carrefour.es/supermercado/tiras-adhesivas-de-tejido-elastico-10x6-cm-carrefour-10-ud-carrefour/R-521008319/p
Parafarmacia,Dentífrico Junior de fresa Fluor Kin 75 ml.,"4,40 €","5,87 €/100ml",https://www.carrefour.es/supermercado/dentifrico-junior-de-fresa-fluor-kin-75-ml-kin/R-590505762/p
Parafarmacia,Dentífrico sensibilidad & encías fresh mint Sensodyne 75 ml.,"4,75 €","6,33 €/100ml",https://www.carrefour.es/supermercado/dentifrico-sensibilidad-encias-fresh-mint-sensodyne-75-ml/R-VC4AECOMM-593790/p
Parafarmacia,Pomada para proteger la zona del pañal Mitosyl 145 g.,"12,50 €","8,62 €/100g",https://www.carrefour.es/supermercado/pomada-para-proteger-la-zona-del-panal-mitosyl-145-g-mitosyl/R-651602061/p
Parafarmacia,Gel de baño espumoso Mustela 750 ml.,"10,95 €","1,46 €/100ml",https://www.carrefour.es/supermercado/gel-de-bano-espumoso-mustela-750-ml-mustela/R-590507874/p
Parafarmacia,Gel dermatológico ph 5.5 con colágeno y lipo-proteinas Inibsa pack de 2 unidades de 1 l.,"6,95 €","0,35 €/100ml",https://www.carrefour.es/supermercado/gel-dermatologico-ph-55-con-colageno-y-lipo-proteinas-inibsa-pack-de-2-unidades-de-1-l-inibsa/R-590509800/p
Parafarmacia,Solucion acuosa clorhexidina 2% en spray antiséptico para piel sana Carrefour 50 ml.,"1,90 €","3,80 €/100ml",https://www.carrefour.es/supermercado/solucion-acuosa-clorhexidina-2-en-spray-antiseptico-para-piel-sana-carrefour-50-ml/R-VC4AECOMM-554962/p
Parafarmacia,Crema de manos protectora vital oils para pieles con tendencia atópica ecológica Eudermin 75 ml.,"2,40 €","3,20 €/100ml",https://www.carrefour.es/supermercado/crema-de-manos-protectora-vital-oils-para-pieles-con-tendencia-atopica-ecologica-eudermin-75-ml/R-VC4AECOMM-465410/p
Parafarmacia,Compresa tocológica de celulosa grande Maternity 25 ud.,"2,60 €","0,10 €/ud",https://www.carrefour.es/supermercado/compresa-tocologica-de-celulosa-grande-maternity-25-ud-maternity/R-590507738/p
Parafarmacia,Protector Absorbente Sabanindas Extra 60x60cm 20 ud.,"8,65 €","0,43 €/ud",https://www.carrefour.es/supermercado/protector-absorbente-sabanindas-extra-60x60cm-20-ud-sabanindas/R-590507742/p
Parafarmacia,Crema de manos rápida absorción Neutrogena pack de 2 unidades de 75 ml.,"11,00 €","5,50 €/ud",https://www.carrefour.es/supermercado/crema-de-manos-rapida-absorcion-neutrogena-pack-de-2-unidades-de-75-ml-neutrogena/R-843700628/p
Parafarmacia,Gel hidroalcohólico desinfectante infantil y para pieles sensibles Fresh Beauty 100 ml.,"1,92 €","1,92 €/100ml",https://www.carrefour.es/supermercado/gel-hidroalcoholico-desinfectante-infantil-y-para-pieles-sensibles-fresh-beauty-100-ml/R-VC4AECOMM-516439/p
Parafarmacia,Colutorio antiplaca Lacer 1000 ml.,"12,30 €","1,23 €/100ml",https://www.carrefour.es/supermercado/colutorio-antiplaca-lacer-1000-ml-lacer/R-650501821/p
Parafarmacia,Papilla infantil desde 6 meses de 8 cereales integrales sin azúcar añadido Blevit plus Superfibra 600 g.,"7,70 €","12,83 €/kg",https://www.carrefour.es/supermercado/papilla-infantil-desde-6-meses-de-8-cereales-integrales-sin-azucar-anadido-blevit-plus-superfibra-600-g-blevit-plus-superfibra/R-617101707/p
Parafarmacia,Cepillo dental medio Vitis 2 ud.,"6,35 €","6,35 €/ud",https://www.carrefour.es/supermercado/cepillo-dental-medio-vitis-2-ud-vitis/R-590510536/p
Parafarmacia,"Esparadrapo Tejido piel 5mx2,5 cm Dr. Sos 1 ud.","1,32 €","0,26 €/m",https://www.carrefour.es/supermercado/esparadrapo-tejido-piel-5mx2-5-cm-dr-sos-1-ud-dr-sos/R-678901763/p
Parafarmacia,GASAS ESTERILES CRF 10UNIDADES,"1,10 €","0,11 €/ud",https://www.carrefour.es/supermercado/gasas-esteriles-crf-10unidades-carrefour/R-526627300/p
Parafarmacia,Compresa tocológica de algodón Maternity 20 ud.,"2,60 €","0,13 €/ud",https://www.carrefour.es/supermercado/compresa-tocologica-de-algodon-maternity-20-ud-maternity/R-590507736/p
Parafarmacia,Leche infantil de crecimiento desde los 12 meses en polvo Nan Optipro 3 lata 800 g.,"13,60 €","17,00 €/kg",https://www.carrefour.es/supermercado/leche-infantil-de-crecimiento-desde-los-12-meses-en-polvo-nan-optipro-3-lata-800-g-nestle-nan/R-590504446/p
Parafarmacia,Leche infantil de continuación desde 6 meses en polvo Almirón Advance 2 1200 g.,"22,60 €","18,83 €/kg",https://www.carrefour.es/supermercado/leche-infantil-de-continuacion-desde-6-meses-en-polvo-almiron-advance-2-1200-g-almiron/R-712703613/p
Parafarmacia,Dentífrico blanqueadora Vitis 100 ml.,"6,95 €","6,95 €/100ml",https://www.carrefour.es/supermercado/dentifrico-blanqueadora-vitis-100-ml-vitis/R-684101791/p
Parafarmacia,Colutorio clorhexidina Lacer 500 ml.,"7,25 €","1,45 €/100ml",https://www.carrefour.es/supermercado/colutorio-clorhexidina-lacer-500-ml-lacer/R-590507958/p
Parafarmacia,Fluor infantil fresa colutorio Kin 500 ml.,"6,50 €","1,30 €/100ml",https://www.carrefour.es/supermercado/fluor-infantil-fresa-colutorio-kin-500-ml-kin/R-590511314/p
Parafarmacia,Dentífrico blanqueador Fluocaril pack de 2 unidades de 75 ml.,"6,40 €","4,27 €/100ml",https://www.carrefour.es/supermercado/dentifrico-blanqueador-fluocaril-pack-de-2-unidades-de-75-ml-fluocaril/R-prod810794/p
Parafarmacia,Papilla Infantil Blevit Plus 8 Cereales 1 Kg,"11,55 €","11,55 €/kg",https://www.carrefour.es/supermercado/papilla-infantil-blevit-plus-8-cereales-1-kg-blevit-plus/R-736422501/p
Parafarmacia,Tiras adhesivas para pieles sensibles transpirables Carrefour 20 ud.,"1,55 €","0,08 €/ud",https://www.carrefour.es/supermercado/tiras-adhesivas-para-pieles-sensibles-transpirables-carrefour-20-ud/R-fprod1280563/p
Parafarmacia,Gel reparador Vaseline 100 ml.,"2,50 €","2,50 €/100ml",https://www.carrefour.es/supermercado/gel-reparador-vaseline-100-ml/R-VC4AECOMM-408249/p
Parafarmacia,Tarrito de ternera con patatas y zanahorias desde los 6 meses Nutribén Potitos 235 g.,"1,21 €","5,15 €/kg",https://www.carrefour.es/supermercado/tarrito-de-ternera-con-patatas-y-zanahorias-desde-los-6-meses-nutriben-potitos-235-g/R-fprod1280385/p
Parafarmacia,Crema bálsamo para proteger la zona del pañal 123 Mustela 150 ml,"9,80 €","6,53 €/100ml",https://www.carrefour.es/supermercado/crema-balsamo-para-proteger-la-zona-del-panal-123-mustela-150-ml-mustela/R-590511424/p
Parafarmacia,Tarrito de verduritas con lenguado desde 6 meses Nutribén 235 g.,"1,21 €","5,15 €/kg",https://www.carrefour.es/supermercado/tarrito-de-verduritas-con-lenguado-desde-6-meses-nutriben-235-g-nutriben/R-fprod1250161/p
Parafarmacia,Loción corporal hidratante Hydra Bebé Mustela 500 ml.,"12,40 €","2,48 €/100ml",https://www.carrefour.es/supermercado/locion-corporal-hidratante-hydra-bebe-mustela-500-ml-mustela/R-590510652/p
Parafarmacia,Crema para proteger la zona del pañal Weleda Caléndula 75 ml,"8,75 €","11,67 €/100ml",https://www.carrefour.es/supermercado/crema-para-proteger-la-zona-del-panal-weleda-calendula-75-ml-weleda/R-710701799/p
Parafarmacia,Papilla 8 cereales con galletas María desde 6 meses sin azúcar añadido Nutribén 600 gr,"4,45 €","7,42 €/kg",https://www.carrefour.es/supermercado/papilla-8-cereales-con-galletas-maria-desde-6-meses-sin-azucar-anadido-nutriben-600-gr-nutriben/R-804324052/p
Parafarmacia,Papilla infantil desde 5 meses de 8 cereales y galletas María Blevit plus 600 g.,"8,90 €","14,83 €/kg",https://www.carrefour.es/supermercado/papilla-infantil-desde-5-meses-de-8-cereales-y-galletas-maria-blevit-plus-600-g-blevit-plus-duplo/R-618101700/p
Parafarmacia,Dentífrico menta fresca Repair & Protect Sensodyne pack 2 unidades de 75 ml.,"11,35 €","7,57 €/100ml",https://www.carrefour.es/supermercado/dentifrico-menta-fresca-repair-protect-sensodyne-pack-2-unidades-de-75-ml/R-fprod1360038/p
Parafarmacia,Crema de manos Urea Repair Plus Eucerin pack de 2 unidades de 75 ml.,"9,50 €","12,67 €/100ml",https://www.carrefour.es/supermercado/crema-de-manos-urea-repair-plus-eucerin-pack-de-2-unidades-de-75-ml-eucerin/R-prod490134/p
Parafarmacia,Solución Higienizante Hidroalcohólica 70% alcohol h91 medical 5L,"24,90 €","4,98 €/l",https://www.carrefour.es/supermercado/solucion-higienizante-hidroalcoholica-70-alcohol-h91-medical-5l/R-VC4AECOMM-503318/p
Parafarmacia,Caramelos sabor limón melisa sin azúcar Ricola 70 g.,"2,39 €","34,14 €/kg",https://www.carrefour.es/supermercado/caramelos-sabor-limon-melisa-sin-azucar-ricola-70-g-ricola/R-540201936/p
Parafarmacia,Champú bebé ultra suave Mustela 200 ml.,"6,70 €","3,35 €/100ml",https://www.carrefour.es/supermercado/champu-bebe-ultra-suave-mustela-200-ml-mustela/R-590507880/p
Parafarmacia,Galletas infantiles desde 4 meses Almirón sin gluten 250 g.,"2,80 €","11,20 €/kg",https://www.carrefour.es/supermercado/galletas-infantiles-desde-4-meses-almiron-sin-gluten-250-g-almiron/R-713315960/p
Parafarmacia,"Crema para el cuidado facial, cuello y escote Xhekpon 40 ml.","6,55 €","16,37 €/100ml",https://www.carrefour.es/supermercado/crema-para-el-cuidado-facial-cuello-y-escote-xhekpon-40-ml-xhekpon/R-679501693/p
Parafarmacia,Arkovital Vitamina C Arkopharma 20 comprimidos.,"7,70 €","0,77 €/100g",https://www.carrefour.es/supermercado/arkovital-vitamina-c-arkopharma-20-comprimidos-arkopharma/R-805066350/p
Parafarmacia,Solución única para lentes de contacto blandas Novalens 500 ml.,"5,85 €","1,17 €/100ml",https://www.carrefour.es/supermercado/solucion-unica-para-lentes-de-contacto-blandas-novalens-500-ml-novalens/R-787017650/p
Parafarmacia,Leche infantil de crecimiento desde los 12 meses en polvo Almirón Advance 3 1200 g.,"19,35 €","16,13 €/kg",https://www.carrefour.es/supermercado/leche-infantil-de-crecimiento-desde-los-12-meses-en-polvo-almiron-advance-3-1200-g-almiron/R-713315936/p
Parafarmacia,Caramelos sabor eucalipto sin azúcar Ricola 70 g.,"2,39 €","34,14 €/kg",https://www.carrefour.es/supermercado/caramelos-sabor-eucalipto-sin-azucar-ricola-70-g-ricola/R-540201938/p
Parafarmacia,Gel hidroalcohólica higienizante para manos Cooper Dermo 100 ml.,"1,49 €","1,49 €/100ml",https://www.carrefour.es/supermercado/gel-hidroalcoholica-higienizante-para-manos-cooper-dermo-100-ml/R-VC4AECOMM-523725/p
Parafarmacia,Leche infantil de continuación Blemil Plus 2 Forte lata 800 g.,"16,15 €","20,19 €/kg",https://www.carrefour.es/supermercado/leche-infantil-de-continuacion-blemil-plus-2-forte-lata-800-g-blemil-plus/R-657701745/p
Parafarmacia,Dentífrico blanqueadora con flúor Lacer Blanc 125 ml.,"7,55 €","6,04 €/100ml",https://www.carrefour.es/supermercado/dentifrico-blanqueadora-con-fluor-lacer-blanc-125-ml-lacer-blanc/R-612301645/p
Parafarmacia,Bálsamo manos hidro-alcohólico 2en higienizante anti-sequedad con aceite de aguacate Body Natur 100 ml.,"2,10 €","2,10 €/100ml",https://www.carrefour.es/supermercado/balsamo-manos-hidro-alcoholico-2en-higienizante-anti-sequedad-con-aceite-de-aguacate-body-natur-100-ml/R-VC4AECOMM-559972/p
Parafarmacia,Tiras adhesivas Mickey Mouse Hansaplast 20 ud.,"2,15 €","0,11 €/ud",https://www.carrefour.es/supermercado/tiras-adhesivas-mickey-mouse-hansaplast-20-ud-hansaplast/R-prod700480/p
Parafarmacia,Dentífrico tratante en sensibilidad dental SensiLacer 125 ml.,"6,70 €","5,36 €/100ml",https://www.carrefour.es/supermercado/dentifrico-tratante-en-sensibilidad-dental-sensilacer-125-ml-sensilacer/R-590508098/p
Parafarmacia,Bálsamo regenerador nariz/labios Neutrogena 15 ml.,"7,15 €","7,15 €/ud",https://www.carrefour.es/supermercado/balsamo-regenerador-nariz-labios-neutrogena-15-ml-neutrogena/R-590511524/p
Parafarmacia,Leche infantil para lactantes en polvo Nan Optipro 1 lata 800 g.,"17,50 €","21,87 €/kg",https://www.carrefour.es/supermercado/leche-infantil-para-lactantes-en-polvo-nan-optipro-1-lata-800-g-nestle-nan/R-590504442/p
Parafarmacia,Suero fisiológico SENTI2 pack 30 monodosis de 5 ml,"3,59 €","3,59 €/ud",https://www.carrefour.es/supermercado/suero-fisiologico-senti2-pack-30-monodosis-de-5-ml-senti2/R-590509096/p
Parafarmacia,Vaselina neutra hidrantente Carrefour soft 100 g.,"2,05 €","2,05 €/100g",https://www.carrefour.es/supermercado/vaselina-neutra-hidrantente-carrefour-soft-100-g/R-VC4AECOMM-454186/p
Parafarmacia,Leche infantil de continuación desde 6 meses en polvo Blemil Plus Optimum 2 lata 800 g.,"21,35 €","26,69 €/kg",https://www.carrefour.es/supermercado/leche-infantil-de-continuacion-desde-6-meses-en-polvo-blemil-plus-optimum-2-lata-800-g-blemil-plus/R-prod930161/p
Parafarmacia,Colonia infantil Suavinex 100 ml.,"10,35 €","10,35 €/100ml",https://www.carrefour.es/supermercado/colonia-infantil-suavinex-100-ml-suavinex/R-590502502/p
Parafarmacia,Loción corporal hidratación profunda para piel seca Neutrógena pack 2 unidades de 750 ml.,"19,10 €","2,55 €/100ml",https://www.carrefour.es/supermercado/locion-corporal-hidratacion-profunda-para-piel-seca-neutrogena-pack-2-unidades-de-750-ml-neutrogena/R-683701809/p
Parafarmacia,Crema de manos rapida absorcion Neutrogena 140 ml.,"11,50 €","8,21 €/100ml",https://www.carrefour.es/supermercado/crema-de-manos-rapida-absorcion-neutrogena-140-ml-neutrogena/R-590504692/p
Parafarmacia,Tarrito de pollo con guisantes y zanahorias desde 6 meses Nutribén 235 g.,"1,21 €","5,15 €/kg",https://www.carrefour.es/supermercado/tarrito-de-pollo-con-guisantes-y-zanahorias-desde-6-meses-nutriben-235-g-nutriben/R-fprod1250163/p
Parafarmacia,Tarrito de jamón y ternera con menestra de verduras desde los 6 meses Nutribén Potitos 235 g.,"1,21 €","5,15 €/kg",https://www.carrefour.es/supermercado/tarrito-de-jamon-y-ternera-con-menestra-de-verduras-desde-los-6-meses-nutriben-potitos-235-g/R-fprod1280388/p
Parafarmacia,Dentífrico encías delicadas Gingilacer 75 ml.,"5,21 €","6,95 €/100ml",https://www.carrefour.es/supermercado/dentifrico-encias-delicadas-gingilacer-75-ml/R-fprod1350041/p
Parafarmacia,Cinta dental con cera Vitis 50 metros,"4,20 €","4,20 €/ud",https://www.carrefour.es/supermercado/cinta-dental-con-cera-vitis-50-metros-vitis/R-590508758/p
Parafarmacia,Termómetro digital MT-B132 Imazine 1 ud.,"5,55 €","5,55 €/ud",https://www.carrefour.es/supermercado/termometro-digital-mt-b132-imazine-1-ud-imazine/R-690001900/p
Parafarmacia,Protector labial sabor cereza Liposan 1 ud.,"2,20 €","2,20 €/ud",https://www.carrefour.es/supermercado/protector-labial-sabor-cereza-liposan-1-ud-liposan/R-prod920424/p
Parafarmacia,Jabón líquido Germisdin 1000 ml.,"11,85 €","1,18 €/100ml",https://www.carrefour.es/supermercado/jabon-liquido-germisdin-1000-ml-germisdin/R-590508578/p
Parafarmacia,Protector de cama 80 x 180 cms Sabanindas 20 ud.,"13,15 €","0,66 €/ud",https://www.carrefour.es/supermercado/protector-de-cama-80-x-180-cms-sabanindas-20-ud-sabanindas/R-590511598/p
Parafarmacia,Esponja fibra natural Suavinex 1 ud.,"5,85 €","5,85 €/ud",https://www.carrefour.es/supermercado/esponja-fibra-natural-suavinex-1-ud-suavinex/R-590511916/p
Parafarmacia,Tapones auditivos de espuma Carrefour 8 ud.,"2,65 €","0,33 €/ud",https://www.carrefour.es/supermercado/tapones-auditivos-de-espuma-carrefour-8-ud-carrefour/R-prod720313/p
Parafarmacia,Dentífrico control Duplo Parogencyl pack de 2 unidades de 125 ml.,"6,90 €","2,76 €/100ml",https://www.carrefour.es/supermercado/dentifrico-control-duplo-parogencyl-pack-de-2-unidades-de-125-ml-parogencyl/R-prod810539/p
Parafarmacia,Leche infantil de continuación desde 6 meses Nan Supreme 2 lata 800 g.,"20,60 €","25,75 €/kg",https://www.carrefour.es/supermercado/leche-infantil-de-continuacion-desde-6-meses-nan-supreme-2-lata-800-g-nestle-nan/R-prod310547/p
Parafarmacia,Champú con extracto de camomila Carrefour Baby 750 ml.,"2,69 €","0,36 €/100ml",https://www.carrefour.es/supermercado/champu-con-extracto-de-camomila-carrefour-baby-750-ml/R-VC4AECOMM-448796/p
Parafarmacia,Agua colonia sin alcohol Mustela 200 ml.,"6,90 €","3,45 €/100ml",https://www.carrefour.es/supermercado/agua-colonia-sin-alcohol-mustela-200-ml-mustela/R-590509744/p
Parafarmacia,Cepillo dental suace access Vitis 2 ud.,"6,40 €","6,40 €/ud",https://www.carrefour.es/supermercado/cepillo-dental-suace-access-vitis-2-ud-vitis/R-prod224246/p
Parafarmacia,Apósitos de sutura Carrefour 16 ud.,"2,09 €","0,13 €/ud",https://www.carrefour.es/supermercado/apositos-de-sutura-carrefour-16-ud-carrefour/R-819256828/p
Parafarmacia,Protector labial hidratación intensa Liposan 1 ud.,"2,25 €","2,25 €/ud",https://www.carrefour.es/supermercado/protector-labial-hidratacion-intensa-liposan-1-ud-liposan/R-prod920396/p
Parafarmacia,Pastillas limpiadoras para prótesis dentales Kukident 28 ud.,"4,45 €","0,16 €/ud",https://www.carrefour.es/supermercado/pastillas-limpiadoras-para-protesis-dentales-kukident-28-ud/R-VC4AECOMM-475059/p
Parafarmacia,Papilla infantil desde los 5-6 meses multicereales fos Damira sin lactosa 600 g.,"6,20 €","1,03 €/100g",https://www.carrefour.es/supermercado/papilla-infantil-desde-los-5-6-meses-multicereales-fos-damira-sin-lactosa-600-g-sanutri/R-590511144/p
Parafarmacia,Dentífrico sabor menta Bi-Fluoré 250 Fluocaril 125 ml.,"5,45 €","4,36 €/100ml",https://www.carrefour.es/supermercado/dentifrico-sabor-menta-bi-fluore-250-fluocaril-125-ml-fluocaril/R-590508034/p
Parafarmacia,Cepillo dental interdentales Interprox 6 ud.,"5,05 €","0,84 €/ud",https://www.carrefour.es/supermercado/cepillo-dental-interdentales-interprox-6-ud-interprox/R-590510874/p
Parafarmacia,Tabletas limpiadoras para prótesis dentales con oxígeno bio-activo Corega 108 ud.,"17,95 €","0,17 €/ud",https://www.carrefour.es/supermercado/tabletas-limpiadoras-para-protesis-dentales-con-oxigeno-bio-activo-corega-108-ud-corega/R-fprod1200294/p
Parafarmacia,Enjuague bucal antiseptico Oraldine 200 ml.,"4,50 €","2,25 €/100ml",https://www.carrefour.es/supermercado/enjuague-bucal-antiseptico-oraldine-200-ml-oraldine/R-590508836/p
Parafarmacia,Gel Champú Suavinex 750 ml,"11,25 €","1,50 €/100ml",https://www.carrefour.es/supermercado/gel-champu-suavinex-750-ml-suavinex/R-730814104/p
Parafarmacia,Pasta al agua Eryplast 200 g.,"13,90 €","6,95 €/100g",https://www.carrefour.es/supermercado/pasta-al-agua-eryplast-200-g-lutsine/R-619501542/p
Parafarmacia,Gel-champú para bebés Nutraisdin 1000 ml.,"14,50 €","1,45 €/100ml",https://www.carrefour.es/supermercado/gel-champu-para-bebes-nutraisdin-1000-ml-nutraisdin/R-609203556/p
Parafarmacia,Suero fisilógico Senti2 30 ud.,"6,70 €","0,11 €/ud",https://www.carrefour.es/supermercado/suero-fisilogico-senti2-30-ud-senti2/R-732215651/p
Parafarmacia,"Esparadrapo Sensitive 5x2,5 cm Salvelox 1 ud.","2,20 €","2,20 €/ud",https://www.carrefour.es/supermercado/esparadrapo-sensitive-5x2-5-cm-salvelox-1-ud-salvelox/R-618303489/p
Parafarmacia,Crema exfoliante pies reduce las durezas Carrefour 125 ml.,"1,90 €","1,52 €/100ml",https://www.carrefour.es/supermercado/crema-exfoliante-pies-reduce-las-durezas-carrefour-125-ml-carrefour/R-819114696/p
Parafarmacia,Crema protectora de manos y uñas Eudermin 50 ml.,"2,25 €","4,50 €/100ml",https://www.carrefour.es/supermercado/crema-protectora-de-manos-y-unas-eudermin-50-ml-eudermin/R-prod301428/p
Parafarmacia,Dentífrico SensiLacer 125 ml.,"6,80 €","5,44 €/100ml",https://www.carrefour.es/supermercado/dentifrico-sensilacer-125-ml-sensilacer/R-590507954/p
Parafarmacia,Desodorante roll-on anti-transpirante 48h. Vichy 50 ml.,"8,15 €","16,30 €/100ml",https://www.carrefour.es/supermercado/desodorante-roll-on-anti-transpirante-48h-vichy-50-ml-vichy/R-590508628/p
Parafarmacia,Leche infantil de inicio desde el primer día en polvo Almirón Avance 1 1200 g.,"27,75 €","23,12 €/kg",https://www.carrefour.es/supermercado/leche-infantil-de-inicio-desde-el-primer-dia-en-polvo-almiron-avance-1-1200-g-almiron/R-prod301513/p
Parafarmacia,Papilla infantil desde 12 meses de cereales con ColaCao Blevit plus 600 g.,"7,70 €","12,83 €/kg",https://www.carrefour.es/supermercado/papilla-infantil-desde-12-meses-de-cereales-con-colacao-blevit-plus-600-g-blevit-plus/R-613004452/p
Parafarmacia,Aceite de rosa mosqueta ecológico Arganour 50 ml.,"9,60 €","19,20 €/100ml",https://www.carrefour.es/supermercado/aceite-de-rosa-mosqueta-ecologico-arganour-50-ml-arganour/R-prod62843/p
Parafarmacia,Dentífrico protección completa Parodontax 75 ml.,"6,20 €","8,27 €/100ml",https://www.carrefour.es/supermercado/dentifrico-proteccion-completa-parodontax-75-ml-parodontax/R-prod720233/p
Parafarmacia,"Tarrito de manzana, naranja y plátano con galleta desde 6 meses Nutribén 250 g.","1,21 €","5,15 €/kg",https://www.carrefour.es/supermercado/tarrito-de-manzana-naranja-y-platano-con-galleta-desde-6-meses-nutriben-250-g-nutriben/R-fprod1280562/p
Parafarmacia,Bálsamo para las manos hidro-alcohólico con aceite de guaraná Body Natur 100 ml.,"2,10 €","2,10 €/100ml",https://www.carrefour.es/supermercado/balsamo-para-las-manos-hidro-alcoholico-con-aceite-de-guarana-body-natur-100-ml/R-VC4AECOMM-559935/p
Parafarmacia,Tiras adhesivas Frozen Hansaplast 20 ud.,"3,05 €","0,15 €/ud",https://www.carrefour.es/supermercado/tiras-adhesivas-frozen-hansaplast-20-ud-hansaplast/R-prod700482/p
Parafarmacia,Cinta dental con fluor y menta Vitis 2 ud.,"7,75 €","3,87 €/ud",https://www.carrefour.es/supermercado/cinta-dental-con-fluor-y-menta-vitis-2-ud-vitis/R-805066356/p
Parafarmacia,Leche infantil para lactantes Nan Supreme 1 lata 800 g.,"22,90 €","28,62 €/kg",https://www.carrefour.es/supermercado/leche-infantil-para-lactantes-nan-supreme-1-lata-800-g-nestle-nan/R-prod310544/p
Parafarmacia,Venda de algodón de 5x5 cm. Carrefour 2 ud.,"1,18 €","0,59 €/ud",https://www.carrefour.es/supermercado/venda-de-algodon-de-5x5-cm-carrefour-2-ud-carrefour/R-521001120/p
Parafarmacia,Tiras de limpieza para los puntos negros Facialderm 5 ud.,"7,10 €","1,42 €/ud",https://www.carrefour.es/supermercado/tiras-de-limpieza-para-los-puntos-negros-facialderm-5-ud-facialderm/R-prod870006/p
Parafarmacia,Tarrito de macedonia de frutas con cereales desde 6 meses Nutribén 250 g.,"1,21 €","5,15 €/kg",https://www.carrefour.es/supermercado/tarrito-de-macedonia-de-frutas-con-cereales-desde-6-meses-nutriben-250-g-nutriben/R-fprod1280560/p
Parafarmacia,Dentífrico Lacer Fresh 125 ml.,"4,95 €","3,96 €/100ml",https://www.carrefour.es/supermercado/dentifrico-lacer-fresh-125-ml-lacer-fresh/R-713621836/p
Parafarmacia,Gel hidroalcohólico antiséptico para pieles sanas Snonas bote de 100 ml.,"2,10 €","2,10 €/100ml",https://www.carrefour.es/supermercado/gel-hidroalcoholico-antiseptico-para-pieles-sanas-snonas-bote-de-100-ml/R-VC4AECOMM-474592/p
Parafarmacia,Cepillo dental infantil 2 a 5 años Phb 1 ud.,"3,39 €","3,39 €/100ml",https://www.carrefour.es/supermercado/cepillo-dental-infantil-2-a-5-anos-phb-1-ud-phb/R-590508810/p
Parafarmacia,Dentífrico Original Parodontax 75 ml.,"5,30 €","7,07 €/100ml",https://www.carrefour.es/supermercado/dentifrico-original-parodontax-75-ml/R-VC4AECOMM-459371/p
Parafarmacia,Dentífrico previene el sangrado gingival Gingilacer 200 ml.,"8,80 €","4,40 €/100ml",https://www.carrefour.es/supermercado/dentifrico-previene-el-sangrado-gingival-gingilacer-200-ml-gingilacer/R-prod221481/p
Parafarmacia,Crema de manos rapida absorcion Neutrogena 75 ml.,"7,55 €","10,07 €/100ml",https://www.carrefour.es/supermercado/crema-de-manos-rapida-absorcion-neutrogena-75-ml-neutrogena/R-590509774/p
Parafarmacia,Sueño Aquilea 30 comprimidos.,"11,45 €","58,72 €/100g",https://www.carrefour.es/supermercado/sueno-aquilea-30-comprimidos-aquilea/R-800038317/p
Parafarmacia,Aceite Árbol Té Bio Arganour 20ml,"7,30 €","36,50 €/100ml",https://www.carrefour.es/supermercado/aceite-arbol-te-bio-arganour-20ml-arganour/R-prod62823/p
Parafarmacia,Dentífrico sin fluor Parodontax 75 ml.,"5,75 €","7,67 €/100ml",https://www.carrefour.es/supermercado/dentifrico-sin-fluor-parodontax-75-ml-parodontax/R-prod190218/p
Parafarmacia,Aceite de almendras Phytofarma 500 ml.,"8,70 €","1,74 €/100ml",https://www.carrefour.es/supermercado/aceite-de-almendras-phytofarma-500-ml-phytofarma/R-590510108/p
Parafarmacia,Braguitas desechables unitalla Indasec Pospart 4 ud.,"4,10 €","1,02 €/ud",https://www.carrefour.es/supermercado/braguitas-desechables-unitalla-indasec-pospart-4-ud-indasec-pospart/R-prod260491/p
Parafarmacia,Bálsamo de manos hidro-alcohólico melón Body Natur 100 ml.,"2,10 €","2,10 €/100ml",https://www.carrefour.es/supermercado/balsamo-de-manos-hidro-alcoholico-melon-body-natur-100-ml/R-VC4AECOMM-559973/p
Parafarmacia,Colutorio aloe vera Vitis 1000 ml.,"11,70 €","1,17 €/100ml",https://www.carrefour.es/supermercado/colutorio-aloe-vera-vitis-1000-ml-vitis/R-590512294/p
Parafarmacia,Papilla 8 cereales con miel y 4 frutas desde 6 meses Nutribén 600 gr,"4,45 €","7,42 €/kg",https://www.carrefour.es/supermercado/papilla-8-cereales-con-miel-y-4-frutas-desde-6-meses-nutriben-600-gr-nutriben/R-804324054/p
Parafarmacia,Pastillas de regaliz Juanola 6 g.,"1,41 €","23,50 €/100g",https://www.carrefour.es/supermercado/pastillas-de-regaliz-juanola-6-g-juanola/R-590508220/p
Parafarmacia,Loción corporal reparación intensa Neutrogena pack de 2 unidades de 750 ml.,"19,80 €","2,64 €/100ml",https://www.carrefour.es/supermercado/locion-corporal-reparacion-intensa-neutrogena-pack-de-2-unidades-de-750-ml-neutrogena/R-681101657/p
Parafarmacia,Papilla infantil desde 5 meses 8 Cereales con galleta Damira 600 g.,"6,20 €","1,03 €/100g",https://www.carrefour.es/supermercado/papilla-infantil-desde-5-meses-8-cereales-con-galleta-damira-600-g-sanutri/R-590502488/p
Parafarmacia,Tarrrito de ternera con judías verdes y zanahorias desde 6 meses Nutribén 235 g.,"1,21 €","5,15 €/kg",https://www.carrefour.es/supermercado/tarrrito-de-ternera-con-judias-verdes-y-zanahorias-desde-6-meses-nutriben-235-g-nutriben/R-fprod1250162/p
Parafarmacia,Tabletas limpiadoras para prótesis dentales Corega 66 ud.,"12,80 €","0,21 €/ud",https://www.carrefour.es/supermercado/tabletas-limpiadoras-para-protesis-dentales-corega-66-ud-corega/R-590508550/p
Parafarmacia,Colutorio encías Vitis 500 ml.,"8,95 €","1,79 €/100ml",https://www.carrefour.es/supermercado/colutorio-encias-vitis-500-ml-vitis/R-590509802/p
Parafarmacia,Dentífrico blanqueante sabor menta Lacer 150 ml.,"7,60 €","5,07 €/100ml",https://www.carrefour.es/supermercado/dentifrico-blanqueante-sabor-menta-lacer-150-ml-lacer/R-prod480085/p
Parafarmacia,Papilla infantil desde 12 meses de cereales con cacao y galletas María Nutribén 500 g.,"4,70 €","9,40 €/kg",https://www.carrefour.es/supermercado/papilla-infantil-desde-12-meses-de-cereales-con-cacao-y-galletas-maria-nutriben-500-g-nutriben/R-prod550093/p
Parafarmacia,Leche infantil de crecimiento desde los 12 meses Blemil Plus 3 lata 800 g.,"15,40 €","19,25 €/kg",https://www.carrefour.es/supermercado/leche-infantil-de-crecimiento-desde-los-12-meses-blemil-plus-3-lata-800-g-blemil-plus/R-590508934/p
Parafarmacia,Tiras adhesivas efecto acolchado Carrefour 10 ud.,"0,99 €","0,10 €/ud",https://www.carrefour.es/supermercado/tiras-adhesivas-efecto-acolchado-carrefour-10-ud-carrefour/R-720311687/p
Parafarmacia,"Pastillas blandas de própolis con miel, altea + vitamina C Juanola 24 ud.","4,75 €","9,90 €/100g",https://www.carrefour.es/supermercado/pastillas-blandas-de-propolis-con-miel-altea-vitamina-c-juanola-24-ud-juanola/R-819114940/p
Parafarmacia,Leche infantil para lactantes desde el primer día Nutriben Innova 1 lata 800 g.,"21,95 €","27,44 €/kg",https://www.carrefour.es/supermercado/leche-infantil-para-lactantes-desde-el-primer-dia-nutriben-innova-1-lata-800-g-nutriben/R-prod81796/p
Parafarmacia,Crema reparadora de manos muy secas y agrietadas. Eucerin 75 ml.,"7,05 €","9,40 €/100ml",https://www.carrefour.es/supermercado/crema-reparadora-de-manos-muy-secas-y-agrietadas-eucerin-75-ml-eucerin/R-589705245/p
Parafarmacia,Apósitos gasa algodón 20x20 cm. Loto caja 20 ud.,"1,93 €","0,10 €/ud",https://www.carrefour.es/supermercado/apositos-gasa-algodon-20x20-cm-loto-caja-20-ud-loto/R-590507732/p
Parafarmacia,Cepillo dental interdental plus cónico Interprox 6 ud.,"5,05 €","5,05 €/ud",https://www.carrefour.es/supermercado/cepillo-dental-interdental-plus-conico-interprox-6-ud-interprox/R-590508750/p
Parafarmacia,Dentífrico aloe vera con flúor Vitis 100 ml.,"5,70 €","5,70 €/100ml",https://www.carrefour.es/supermercado/dentifrico-aloe-vera-con-fluor-vitis-100-ml-vitis/R-prod71235/p
Parafarmacia,Spray Nasal Rhinomer Baby Fuerza Extra Suave 115 ml,"9,25 €","8,04 €/100ml",https://www.carrefour.es/supermercado/spray-nasal-rhinomer-baby-fuerza-extra-suave-115-ml-rhinomer/R-671401753/p
Parafarmacia,Enjuague bucal con flúor Lacer Blanc 500 ml.,"8,75 €","1,75 €/100ml",https://www.carrefour.es/supermercado/enjuague-bucal-con-fluor-lacer-blanc-500-ml-lacer-blanc/R-670701820/p
Parafarmacia,Gel higienizante de manos Instituto Español 2 l.,"23,45 €","1,17 €/100ml",https://www.carrefour.es/supermercado/gel-higienizante-de-manos-instituto-espanol-2-l/R-VC4AECOMM-516943/p
Parafarmacia,Crema de manos concentrada sin perfume Neutrogena 50 ml.,"6,65 €","13,30 €/100ml",https://www.carrefour.es/supermercado/crema-de-manos-concentrada-sin-perfume-neutrogena-50-ml-neutrogena/R-590507808/p
Parafarmacia,Dentífrico con flúor Lacer 125 ml.,"4,95 €","3,96 €/100ml",https://www.carrefour.es/supermercado/dentifrico-con-fluor-lacer-125-ml-lacer/R-590507980/p
Parafarmacia,Protector para labios secos Eucerin 1 ud.,"3,60 €","75,00 €/100g",https://www.carrefour.es/supermercado/protector-para-labios-secos-eucerin-1-ud-eucerin/R-590508162/p
Parafarmacia,Cepillo dental suave Vitis 2 ud.,"6,35 €","6,35 €/ud",https://www.carrefour.es/supermercado/cepillo-dental-suave-vitis-2-ud-vitis/R-590510534/p
Parafarmacia,Papilla infantil desde los 5 meses 8 Cereales Damira sin lactosa 600 g,"6,20 €","1,03 €/100g",https://www.carrefour.es/supermercado/papilla-infantil-desde-los-5-meses-8-cereales-damira-sin-lactosa-600-g-sanutri/R-590511140/p
Parafarmacia,Colutorio enjuague bucal diario Lacer 500 ml.,"7,75 €","1,55 €/100ml",https://www.carrefour.es/supermercado/colutorio-enjuague-bucal-diario-lacer-500-ml-lacer/R-590511178/p
Parafarmacia,Leche infantil de continuación desde 6 meses Nutribén Pro+ 2 1200 g.,"19,85 €","16,54 €/kg",https://www.carrefour.es/supermercado/leche-infantil-de-continuacion-desde-6-meses-nutriben-pro-2-1200-g-nutriben/R-prod270493/p
Parafarmacia,Oleogel de ducha pH5 para pieles sensibles y secas Eucerin 400 ml.,"13,00 €","3,25 €/100ml",https://www.carrefour.es/supermercado/oleogel-de-ducha-ph5-para-pieles-sensibles-y-secas-eucerin-400-ml-eucerin/R-590508154/p
Parafarmacia,Cepillo dental infantil Lacer 1 ud.,"3,39 €","3,39 €/ud",https://www.carrefour.es/supermercado/cepillo-dental-infantil-lacer-1-ud-lacer/R-646502621/p
Parafarmacia,Set Limpiabiberoes Nuk,"5,90 €","5,90 €/ud",https://www.carrefour.es/supermercado/set-limpiabiberoes-nuk-nuk/R-590508198/p
Parafarmacia,Crema bálsamo 1 2 3 para irritaciones y rojeces Mustela 100 ml.,"7,60 €","7,60 €/100ml",https://www.carrefour.es/supermercado/crema-balsamo-1-2-3-para-irritaciones-y-rojeces-mustela-100-ml-mustela/R-590507868/p
Parafarmacia,Crema facial Cold Cream Nutriprotector Mustela 40 ml,"7,75 €","19,37 €/100ml",https://www.carrefour.es/supermercado/crema-facial-cold-cream-nutriprotector-mustela-40-ml-mustela/R-590507898/p
Parafarmacia,Suero fisiológico fuerza fuerte Rhinomer 135 ml,"9,25 €","6,85 €/100ml",https://www.carrefour.es/supermercado/suero-fisiologico-fuerza-fuerte-rhinomer-135-ml-rhinomer/R-590508604/p
Parafarmacia,Colutorio blanqueadora Vitis 500 ml.,"9,75 €","1,95 €/100ml",https://www.carrefour.es/supermercado/colutorio-blanqueadora-vitis-500-ml-vitis/R-prod67608/p
Parafarmacia,Crema analgésica antiinflamatoria Fisiocrem 60 ml.,"7,15 €","11,92 €/100ml",https://www.carrefour.es/supermercado/crema-analgesica-antiinflamatoria-fisiocrem-60-ml-fisiocrem/R-prod231508/p
Parafarmacia,Cepillo dental interproximales plus nano 0.6 6 ud.,"5,05 €","0,84 €/ud",https://www.carrefour.es/supermercado/cepillo-dental-interproximales-plus-nano-06-6-ud-interprox/R-590502556/p
Parafarmacia,Leche infantil de continuación desde 6 meses Nutriben Innova 2 lata 800 g.,"18,70 €","23,37 €/kg",https://www.carrefour.es/supermercado/leche-infantil-de-continuacion-desde-6-meses-nutriben-innova-2-lata-800-g-nutriben/R-prod80909/p
Parafarmacia,Tabletas limpiadoras para prótesis dentales Corega 36 ud.,"8,35 €","0,23 €/ud",https://www.carrefour.es/supermercado/tabletas-limpiadoras-para-protesis-dentales-corega-36-ud-corega/R-prod280026/p
Parafarmacia,Cepillo dental medio Lacer 1 ud.,"3,65 €","3,65 €/ud",https://www.carrefour.es/supermercado/cepillo-dental-medio-lacer-1-ud-lacer/R-590507994/p
Parafarmacia,Seda dental con cera Vitis 50 metros,"4,20 €","4,20 €/ud",https://www.carrefour.es/supermercado/seda-dental-con-cera-vitis-50-metros-vitis/R-590508762/p
Parafarmacia,Desodorante para pies talco Eudermin 150 ml.,"3,70 €","2,47 €/100ml",https://www.carrefour.es/supermercado/desodorante-para-pies-talco-eudermin-150-ml-eudermin/R-855600572/p
Parafarmacia,Gel dermatológico ph 5.5 con colágeno y lipo-proteinas Inibsa pack de 2 unidades de 1 l.,"12,05 €","0,30 €/100ml",https://www.carrefour.es/supermercado/gel-dermatologico-ph-55-con-colageno-y-lipo-proteinas-inibsa-pack-de-2-unidades-de-1-l-inibsa/R-fprod1200291/p
Parafarmacia,Recambios para aspirador nasal Rhinomer Narhinel Confort 10 ud.,"4,70 €","0,47 €/ud",https://www.carrefour.es/supermercado/recambios-para-aspirador-nasal-rhinomer-narhinel-confort-10-ud-rhinomer/R-590504106/p
Parafarmacia,Crema de día antiedad Hyalluron Filler SPF30 Eucerin 50 ml.,"32,40 €","64,80 €/100ml",https://www.carrefour.es/supermercado/crema-de-dia-antiedad-hyalluron-filler-spf30-eucerin-50-ml-eucerin/R-prod820191/p
Parafarmacia,Seda dental con flúor y triclosán Lacer 50 metros,"3,75 €","3,75 €/ud",https://www.carrefour.es/supermercado/seda-dental-con-fluor-y-triclosan-lacer-50-metros-lacer/R-590508000/p
Parafarmacia,Crema fijadora para prótesis dentales extrafuerte Corega 70 g.,"12,15 €","17,36 €/100g",https://www.carrefour.es/supermercado/crema-fijadora-para-protesis-dentales-extrafuerte-corega-70-g-corega/R-590508548/p
Parafarmacia,Cepillo dental medio Vitis 1 ud.,"3,90 €","3,90 €/ud",https://www.carrefour.es/supermercado/cepillo-dental-medio-vitis-1-ud-vitis/R-590508768/p
Parafarmacia,Colutorio anticaries Vitis 500 ml.,"9,35 €","1,87 €/100ml",https://www.carrefour.es/supermercado/colutorio-anticaries-vitis-500-ml-vitis/R-804031795/p
Parafarmacia,Gel aloe vera Essentials Hipoalergénico Mussvital 750 ml.,"3,30 €","0,44 €/100ml",https://www.carrefour.es/supermercado/gel-aloe-vera-essentials-hipoalergenico-mussvital-750-ml-mussvital/R-prod67836/p
Parafarmacia,Colutorio control diario periodontal y periimplantorio Perio-Aid 1000 ml.,"12,60 €","1,26 €/100ml",https://www.carrefour.es/supermercado/colutorio-control-diario-periodontal-y-periimplantorio-perio-aid-1000-ml-perio-aid/R-prod67781/p
Parafarmacia,Leche infantil para lactantes desde el primer día Almirón Advance 1 800 g.,"20,50 €","25,62 €/kg",https://www.carrefour.es/supermercado/leche-infantil-para-lactantes-desde-el-primer-dia-almiron-advance-1-800-g-almiron/R-712703625/p
Parafarmacia,Pastillas de regaliz Juanola 27 g.,"4,15 €","15,37 €/100g",https://www.carrefour.es/supermercado/pastillas-de-regaliz-juanola-27-g-juanola/R-590508222/p
Parafarmacia,Complemento Alimenticio desde 12 meses sabor chocolate Pediasure 850gr,"22,20 €","26,12 €/kg",https://www.carrefour.es/supermercado/complemento-alimenticio-desde-12-meses-sabor-chocolate-pediasure-850gr-pediasure/R-735888942/p
Parafarmacia,Tarrito de pollo con arroz desde 6 meses Nutribén 235 g.,"1,21 €","5,15 €/kg",https://www.carrefour.es/supermercado/tarrito-de-pollo-con-arroz-desde-6-meses-nutriben-235-g-nutriben/R-fprod1250159/p
Parafarmacia,Barritas sustitutivas de yogur y limón Bicentury 128 g.,"3,70 €","17,62 €/kg",https://www.carrefour.es/supermercado/barritas-sustitutivas-de-yogur-y-limon-bicentury-128-g-bicentury/R-521004585/p
Parafarmacia,Desodorante anti-transpirante para hombre 72h Vichy 50 ml.,"7,90 €","15,80 €/100ml",https://www.carrefour.es/supermercado/desodorante-anti-transpirante-para-hombre-72h-vichy-50-ml-vichy/R-590508618/p
Parafarmacia,Cepillo dental interdental plus mini Interprox 6 ud.,"5,05 €","5,05 €/ud",https://www.carrefour.es/supermercado/cepillo-dental-interdental-plus-mini-interprox-6-ud-interprox/R-590508752/p
Parafarmacia,Cepillo dental interdental plus micro Interprox 6 ud.,"5,05 €","5,05 €/ud",https://www.carrefour.es/supermercado/cepillo-dental-interdental-plus-micro-interprox-6-ud-interprox/R-590508756/p
Parafarmacia,Colutorio diario flúor Fluor-Aid 500 ml.,"6,00 €","1,20 €/100ml",https://www.carrefour.es/supermercado/colutorio-diario-fluor-fluor-aid-500-ml-fluor-aid/R-590508788/p
Parafarmacia,Crema de pies ultra hidratante Neutrogena 100 ml.,"7,50 €","7,50 €/100ml",https://www.carrefour.es/supermercado/crema-de-pies-ultra-hidratante-neutrogena-100-ml-neutrogena/R-594001621/p
Parafarmacia,Termómetro para el baño Suavinex 1 ud.,"5,30 €","5,30 €/ud",https://www.carrefour.es/supermercado/termometro-para-el-bano-suavinex-1-ud-suavinex/R-618801875/p
Parafarmacia,Gotas ojos cansados Iris Line 15 ml.,"7,15 €","0,95 €/100ml",https://www.carrefour.es/supermercado/gotas-ojos-cansados-iris-line-15-ml-iris-line/R-681407875/p
Parafarmacia,Dentífrico anticaries junior Fluocaril pack de 2 unidades de 75 ml.,"9,95 €","6,63 €/100ml",https://www.carrefour.es/supermercado/dentifrico-anticaries-junior-fluocaril-pack-de-2-unidades-de-75-ml-fluocaril/R-prod810511/p
Parafarmacia,Crema Adhesiva Clasica Tamaño Ahorro Kukident 70 g.,"10,30 €","14,71 €/100g",https://www.carrefour.es/supermercado/crema-adhesiva-clasica-tamano-ahorro-kukident-70-g-kukident/R-590505124/p
Parafarmacia,Colutorio enjuage bucal diario SensiLacer 500 ml.,"7,75 €","1,55 €/100ml",https://www.carrefour.es/supermercado/colutorio-enjuage-bucal-diario-sensilacer-500-ml-sensilacer/R-590507950/p
Parafarmacia,Loción Enriquecida hidratante corporal pH5 para piel sensible y seca Eucerin 1000 ml.,"24,10 €","2,41 €/100ml",https://www.carrefour.es/supermercado/locion-enriquecida-hidratante-corporal-ph5-para-piel-sensible-y-seca-eucerin-1000-ml-eucerin/R-590508138/p
Parafarmacia,Cepillo dental interdental extrafino Phb 6 ud.,"3,65 €","3,65 €/ud",https://www.carrefour.es/supermercado/cepillo-dental-interdental-extrafino-phb-6-ud-phb/R-590508822/p
Parafarmacia,Cepillo dental cabezal pequeño medio Vitis 1 ud.,"6,40 €","6,40 €/ud",https://www.carrefour.es/supermercado/cepillo-dental-cabezal-pequeno-medio-vitis-1-ud-vitis/R-764905849/p
Parafarmacia,Tiras adhesivas elastic+ resistente al agua Hansaplast 20 ud.,"3,05 €","0,15 €/ud",https://www.carrefour.es/supermercado/tiras-adhesivas-elastic-resistente-al-agua-hansaplast-20-ud-hansaplast/R-prod74347/p
Parafarmacia,Papilla infantil desde 4 meses de cereales con arroz y maíz sin azúcares añadidos Nestlé sin gluten 330 g.,"3,00 €","9,09 €/kg",https://www.carrefour.es/supermercado/papilla-infantil-desde-4-meses-de-cereales-con-arroz-y-maiz-sin-azucares-anadidos-nestle-sin-gluten-330-g/R-fprod1480133/p
Parafarmacia,Leche infantil de continuación HiPP Combiotik 2 lata 800 g.,"21,10 €","26,37 €/kg",https://www.carrefour.es/supermercado/leche-infantil-de-continuacion-hipp-combiotik-2-lata-800-g-hipp/R-prod810295/p
Parafarmacia,Complemento Vitamina C+ Zinc en comprimidos efervescentes Aquilea 14 comprimidos.,"9,10 €","10,83 €/100g",https://www.carrefour.es/supermercado/complemento-vitamina-c-zinc-en-comprimidos-efervescentes-aquilea-14-comprimidos-aquilea/R-prod211893/p
Parafarmacia,Higiene íntima con GynoPrebiotic Vagisil 250 ml.,"6,55 €","2,62 €/100ml",https://www.carrefour.es/supermercado/higiene-intima-con-gynoprebiotic-vagisil-250-ml-vagisil/R-694201973/p
Parafarmacia,Desodorante roll on pH5 para pieles sensibles Eucerin pack de 2 unidades de 50 ml.,"8,35 €","8,35 €/100ml",https://www.carrefour.es/supermercado/desodorante-roll-on-ph5-para-pieles-sensibles-eucerin-pack-de-2-unidades-de-50-ml-eucerin/R-589706222/p
Parafarmacia,Magnesio + Potasio en comprimidos efervescentes Aquilea 14 comprimidos.,"5,05 €","6,01 €/100g",https://www.carrefour.es/supermercado/magnesio-potasio-en-comprimidos-efervescentes-aquilea-14-comprimidos-aquilea/R-590505756/p
Parafarmacia,Cepillo dental para niños de 2 a 6 años Phb 1 ud.,"4,60 €","4,60 €/ud",https://www.carrefour.es/supermercado/cepillo-dental-para-ninos-de-2-a-6-anos-phb-1-ud-phb/R-764905865/p
Parafarmacia,Papilla infantil desde 6 meses de 8 cereales integrales con galleta sin azúcar añadido Nestlé Nestum sin aceite de palma 650 g.,"6,80 €","10,46 €/kg",https://www.carrefour.es/supermercado/papilla-infantil-desde-6-meses-de-8-cereales-integrales-con-galleta-sin-azucar-anadido-nestle-nestum-sin-aceite-de-palma-650-g-nestle-nestum/R-prod670338/p
Parafarmacia,Leche para lactantes desde el primer día en polvo Almirón Profutura 1 bote de 800 g.,"24,65 €","30,81 €/kg",https://www.carrefour.es/supermercado/leche-para-lactantes-desde-el-primer-dia-en-polvo-almiron-profutura-1-bote-de-800-g-almiron/R-prod860708/p
Parafarmacia,Gel lubricante vaginal Vagisil 30 g.,"7,75 €","25,83 €/100g",https://www.carrefour.es/supermercado/gel-lubricante-vaginal-vagisil-30-g-vagisil/R-590508880/p
Parafarmacia,Infusión Infantil Blevit Digest 150 gr,"8,15 €","54,33 €/kg",https://www.carrefour.es/supermercado/infusion-infantil-blevit-digest-150-gr-blevit-digest/R-590508938/p
Parafarmacia,Dermocapillaire champú anticaspa Eucerin 250 ml.,"10,55 €","4,22 €/100ml",https://www.carrefour.es/supermercado/dermocapillaire-champu-anticaspa-eucerin-250-ml-eucerin/R-677701719/p
Parafarmacia,Leche infantil de crecimiento desde 1 año en polvo Blemil Plus Optimun 3 lata 800 g.,"20,35 €","25,44 €/kg",https://www.carrefour.es/supermercado/leche-infantil-de-crecimiento-desde-1-ano-en-polvo-blemil-plus-optimun-3-lata-800-g-blemil-plus/R-prod930206/p
Parafarmacia,Leche infantil de crecimiento desde 12 meses Nutribén Innova 800 g.,"15,65 €","19,56 €/kg",https://www.carrefour.es/supermercado/leche-infantil-de-crecimiento-desde-12-meses-nutriben-innova-800-g-nutriben/R-prod81254/p
Parafarmacia,Desodorante Stress Resist tratamiento antitranspirante Vichy 50 ml.,"9,20 €","18,40 €/100ml",https://www.carrefour.es/supermercado/desodorante-stress-resist-tratamiento-antitranspirante-vichy-50-ml-vichy/R-663006822/p
Parafarmacia,Solución multiusos para lentes de contacto Solupharm pack de 2 unidades de 360 ml.,"8,20 €","1,14 €/100ml",https://www.carrefour.es/supermercado/solucion-multiusos-para-lentes-de-contacto-solupharm-pack-de-2-unidades-de-360-ml-solupharm/R-594301625/p
Parafarmacia,Crema de chocolate sustitutiva Bimanán Línea sin gluten pack de 2 unidades de 210 g.,"4,80 €","11,43 €/kg",https://www.carrefour.es/supermercado/crema-de-chocolate-sustitutiva-bimanan-linea-sin-gluten-pack-de-2-unidades-de-210-g-bimanan/R-594902744/p
Parafarmacia,Dentífrico clorhexidina tratamiento gingivitis Lacer 75 ml.,"6,30 €","8,40 €/100ml",https://www.carrefour.es/supermercado/dentifrico-clorhexidina-tratamiento-gingivitis-lacer-75-ml-lacer/R-590507964/p
Parafarmacia,Dentífrico control Parogencyl 125 ml,"4,65 €","3,72 €/100ml",https://www.carrefour.es/supermercado/dentifrico-control-parogencyl-125-ml-parogencyl/R-590508044/p
Parafarmacia,Cepillo dental suave Vitis 1 ud.,"3,90 €","3,90 €/ud",https://www.carrefour.es/supermercado/cepillo-dental-suave-vitis-1-ud-vitis/R-590508766/p
Parafarmacia,Higiene del oído Audispray 50 ml.,"9,25 €","9,25 €/ud",https://www.carrefour.es/supermercado/higiene-del-oido-audispray-50-ml-audispray/R-590508916/p
Parafarmacia,Protector labial FP 20 Neutrogena pack de 2 unidades de 15 g.,"7,75 €","3,87 €/ud",https://www.carrefour.es/supermercado/protector-labial-fp-20-neutrogena-pack-de-2-unidades-de-15-g-neutrogena/R-728304680/p
Parafarmacia,Tapón para oídos de silicona Noton 6 ud.,"3,45 €","0,14 €/ud",https://www.carrefour.es/supermercado/tapon-para-oidos-de-silicona-noton-6-ud-noton/R-618101704/p
Parafarmacia,Barritas sustitutive sabor yogur Bimanán 8 ud.,"12,05 €","3,77 €/100g",https://www.carrefour.es/supermercado/barritas-sustitutive-sabor-yogur-bimanan-8-ud-bimanan/R-590512042/p
Parafarmacia,Cepillo dental interdentales fino Lacer 6 ud.,"4,00 €","0,67 €/ud",https://www.carrefour.es/supermercado/cepillo-dental-interdentales-fino-lacer-6-ud-lacer/R-590512282/p
Parafarmacia,Spray para el cuidado de fosas nasales Agua de Mar Senti2 pack de 2 unidades de 100 ml.,"10,60 €","5,30 €/100ml",https://www.carrefour.es/supermercado/spray-para-el-cuidado-de-fosas-nasales-agua-de-mar-senti2-pack-de-2-unidades-de-100-ml/R-prod74356/p
Parafarmacia,Papilla infantil desde 5 meses 5 cereales Blevit plus Superfibra 600 g.,"7,70 €","12,83 €/kg",https://www.carrefour.es/supermercado/papilla-infantil-desde-5-meses-5-cereales-blevit-plus-superfibra-600-g-blevit-plus-superfibra/R-624707651/p
Parafarmacia,Suero fisiológico para bebé hipoalérgico Corine de Farme 30 ud.,"4,80 €","0,16 €/ud",https://www.carrefour.es/supermercado/suero-fisiologico-para-bebe-hipoalergico-corine-de-farme-30-ud-corine-de-farme/R-841300591/p
Parafarmacia,Tiras adhesivas eláticas para dedos Carrefour 10 ud.,"1,61 €","0,16 €/ud",https://www.carrefour.es/supermercado/tiras-adhesivas-elaticas-para-dedos-carrefour-10-ud/R-fprod1280577/p
Parafarmacia,Vaselina para labios perfumada frambuesa Carrefour 15 g.,"1,60 €","10,67 €/100g",https://www.carrefour.es/supermercado/vaselina-para-labios-perfumada-frambuesa-carrefour-15-g/R-VC4AECOMM-452007/p
Parafarmacia,Gel Dermo-Limpiador Mustela 500 ml,"9,99 €","2,00 €/100ml",https://www.carrefour.es/supermercado/gel-dermo-limpiador-mustela-500-ml-mustela/R-590507872/p
Parafarmacia,Suero fisiológico fuerza media Rhinomer 135 ml.,"9,25 €","6,85 €/100ml",https://www.carrefour.es/supermercado/suero-fisiologico-fuerza-media-rhinomer-135-ml-rhinomer/R-590508712/p
Parafarmacia,Colágeno + Magnesio en comprimidos Aquilea 240 ud.,"11,20 €","6,76 €/100g",https://www.carrefour.es/supermercado/colageno-magnesio-en-comprimidos-aquilea-240-ud-aquilea/R-prod231383/p
Parafarmacia,Dentífrico para dientes sensibles Fluocaril pack de 2 unidades de 75 ml.,"9,60 €","6,40 €/100ml",https://www.carrefour.es/supermercado/dentifrico-para-dientes-sensibles-fluocaril-pack-de-2-unidades-de-75-ml-fluocaril/R-prod840707/p
Parafarmacia,Papilla 8 Cereales con miel y fibra desde 6 meses Nutribén 600 gr,"4,45 €","7,42 €/kg",https://www.carrefour.es/supermercado/papilla-8-cereales-con-miel-y-fibra-desde-6-meses-nutriben-600-gr-nutriben/R-590508566/p
Parafarmacia,Cepillo dental duro Vitis 1 ud.,"3,90 €","3,90 €/ud",https://www.carrefour.es/supermercado/cepillo-dental-duro-vitis-1-ud-vitis/R-590508770/p
Parafarmacia,Cepillo dental ultra-suave Vitis 1 ud.,"4,80 €","4,80 €/ud",https://www.carrefour.es/supermercado/cepillo-dental-ultra-suave-vitis-1-ud-vitis/R-590508772/p
Parafarmacia,Leche infantil de crecimiento desde 1 año a base de proteína de soja Velactín sin lactosa 800 g.,"14,65 €","18,31 €/kg",https://www.carrefour.es/supermercado/leche-infantil-de-crecimiento-desde-1-ano-a-base-de-proteina-de-soja-velactin-sin-lactosa-800-g-sanutri/R-590511612/p
Parafarmacia,Cepillo dental cabezal pequeño suave Vitis 1 ud.,"3,70 €","3,70 €/ud",https://www.carrefour.es/supermercado/cepillo-dental-cabezal-pequeno-suave-vitis-1-ud-vitis/R-590512302/p
Parafarmacia,Pack Toallitas Dermo-Suavizantes Mustela 70 uds,"6,80 €","0,10 €/ud",https://www.carrefour.es/supermercado/pack-toallitas-dermo-suavizantes-mustela-70-uds-mustela/R-625820315/p
Parafarmacia,Multivitamínico y multimineral Mujer 50+ Multicentrum 30 comprimidos.,"12,25 €","25,00 €/100g",https://www.carrefour.es/supermercado/multivitaminico-y-multimineral-mujer-50-multicentrum-30-comprimidos-multicentrum/R-791634984/p
Parafarmacia,Vaselina Senti2 20 g.,"1,93 €","1,93 €/ud",https://www.carrefour.es/supermercado/vaselina-senti2-20-g-senti2/R-836134030/p
Parafarmacia,Toallitas hidroalchólicas manos Brevia 22+2 ud.,"1,93 €","0,08 €/ud",https://www.carrefour.es/supermercado/toallitas-hidroalcholicas-manos-brevia-222-ud/R-VC4AECOMM-597642/p
Parafarmacia,Papilla infantil desde 6 meses multicereales sin azúcares añadidos Nestlé 330 g.,"3,00 €","9,09 €/kg",https://www.carrefour.es/supermercado/papilla-infantil-desde-6-meses-multicereales-sin-azucares-anadidos-nestle-330-g/R-fprod1480105/p
Parafarmacia,Leche infantil de crecimiento desde 12 meses en polvo Almirón Avance 3 lata 800 g.,"15,25 €","19,06 €/kg",https://www.carrefour.es/supermercado/leche-infantil-de-crecimiento-desde-12-meses-en-polvo-almiron-avance-3-lata-800-g-almiron/R-712703615/p
Parafarmacia,Omega 3 rico en EPA y DHA Phytofarma 270 cápsulas.,"15,95 €","8,35 €/100g",https://www.carrefour.es/supermercado/omega-3-rico-en-epa-y-dha-phytofarma-270-capsulas-phytofarma/R-prod490051/p
Parafarmacia,Mordedor refrigerante etapa 2 Suavinex 1 ud.,"4,20 €","4,20 €/ud",https://www.carrefour.es/supermercado/mordedor-refrigerante-etapa-2-suavinex-1-ud-suavinex/R-661402618/p
Parafarmacia,Caramelos sabor flores de saúco sin azúcar Ricola 70 g.,"2,30 €","32,86 €/kg",https://www.carrefour.es/supermercado/caramelos-sabor-flores-de-sauco-sin-azucar-ricola-70-g/R-VC4AECOMM-519296/p
Parafarmacia,Cepillo dental junior cabezal pequeño Vitis 1 ud.,"3,70 €","3,70 €/100ml",https://www.carrefour.es/supermercado/cepillo-dental-junior-cabezal-pequeno-vitis-1-ud-vitis/R-prod250197/p
Parafarmacia,Tapones oído de cera moldeable Ototap 6 ud.,"3,70 €","0,62 €/ud",https://www.carrefour.es/supermercado/tapones-oido-de-cera-moldeable-ototap-6-ud-ototap/R-619902597/p
Parafarmacia,Leche infantil desde 12 meses Enfamil 3 Premium 800 gr,"17,50 €","21,87 €/kg",https://www.carrefour.es/supermercado/leche-infantil-desde-12-meses-enfamil-3-premium-800-gr-enfamil/R-590511204/p
Parafarmacia,Pastillas de hierbabuena Juanola 1 ud.,"1,36 €","27,20 €/100g",https://www.carrefour.es/supermercado/pastillas-de-hierbabuena-juanola-1-ud-juanola/R-765009737/p
Parafarmacia,Caramelo sabor hierbas suizas con estevia sin azúcar Ricola 70 g.,"2,39 €","34,14 €/kg",https://www.carrefour.es/supermercado/caramelo-sabor-hierbas-suizas-con-estevia-sin-azucar-ricola-70-g-ricola/R-prod250175/p
Parafarmacia,Crema de manos fresa y nata The Fruit Company 50 ml.,"1,39 €","2,78 €/100ml",https://www.carrefour.es/supermercado/crema-de-manos-fresa-y-nata-the-fruit-company-50-ml/R-prod1130238/p
Parafarmacia,Desodorante roll on antitranspirante 48h Eucerin pack de 2 unidades de 50 ml.,"8,35 €","8,35 €/100ml",https://www.carrefour.es/supermercado/desodorante-roll-on-antitranspirante-48h-eucerin-pack-de-2-unidades-de-50-ml-eucerin/R-662602170/p
Parafarmacia,Cepillo dental medio Phb 2 ud.,"6,35 €","3,17 €/ud",https://www.carrefour.es/supermercado/cepillo-dental-medio-phb-2-ud-phb/R-671301874/p
Parafarmacia,Tabletas limpiadoras para prótesis dentales ación total Corega 66 tabletas.,"12,75 €","0,19 €/ud",https://www.carrefour.es/supermercado/tabletas-limpiadoras-para-protesis-dentales-acion-total-corega-66-tabletas/R-fprod1430107/p
Parafarmacia,Apósitos gasa algodón 20x20 cm. Loto caja 90 ud.,"4,00 €","0,04 €/ud",https://www.carrefour.es/supermercado/apositos-gasa-algodon-20x20-cm-loto-caja-90-ud-loto/R-590507734/p
Parafarmacia,Dentífrico antiplacas-anticaries con flúor Lacer 75 ml.,"4,15 €","5,53 €/100ml",https://www.carrefour.es/supermercado/dentifrico-antiplacas-anticaries-con-fluor-lacer-75-ml-lacer/R-590507978/p
Parafarmacia,Infusión control peso Bio3 25 ud.,"4,70 €","123,68 €/kg",https://www.carrefour.es/supermercado/infusion-control-peso-bio3-25-ud-bio3/R-590508128/p
Parafarmacia,Enjuague bucal encias Oraldine 400 ml.,"8,05 €","2,01 €/100ml",https://www.carrefour.es/supermercado/enjuague-bucal-encias-oraldine-400-ml-oraldine/R-590508840/p
Parafarmacia,Polvos pies Devor-Olor 100 g.,"5,15 €","5,15 €/100g",https://www.carrefour.es/supermercado/polvos-pies-devor-olor-100-g-devor-olor/R-590508872/p
Parafarmacia,Bálsamo reparador nasal Letibalm Pediátrico 10 ml.,"5,85 €","58,50 €/100ml",https://www.carrefour.es/supermercado/balsamo-reparador-nasal-letibalm-pediatrico-10-ml-letibalm/R-823608167/p
Parafarmacia,Té Manasul Seal 25 ud.,"4,50 €","30,00 €/kg",https://www.carrefour.es/supermercado/te-manasul-seal-25-ud-seal/R-596701907/p
Parafarmacia,Tijera infantil punta redondeada Suavinex 1 ud.,"5,35 €","5,35 €/ud",https://www.carrefour.es/supermercado/tijera-infantil-punta-redondeada-suavinex-1-ud-suavinex/R-619501422/p
Parafarmacia,Enjuague bucal antiplaca Kin pack de 2 unidades de 500 ml.,"7,00 €","1,40 €/100ml",https://www.carrefour.es/supermercado/enjuague-bucal-antiplaca-kin-pack-de-2-unidades-de-500-ml-kin/R-prod72816/p
Parafarmacia,"Papilla infantil desde 6 meses multicereales con frutos secos, miel y frutas Blevit plus 600 g.","7,70 €","12,83 €/kg",https://www.carrefour.es/supermercado/papilla-infantil-desde-6-meses-multicereales-con-frutos-secos-miel-y-frutas-blevit-plus-600-g-blevit-plus/R-617101721/p
Parafarmacia,Gel aceite de coco Essentials Hipoalergénico Mussvital pack de 3 unidades de 750 ml.,"8,35 €","0,37 €/100ml",https://www.carrefour.es/supermercado/gel-aceite-de-coco-essentials-hipoalergenico-mussvital-pack-de-3-unidades-de-750-ml-mussvital/R-prod68001/p
Parafarmacia,Tiras adhesivas aquastop Carrefour 20 ud.,"1,85 €","0,09 €/ud",https://www.carrefour.es/supermercado/tiras-adhesivas-aquastop-carrefour-20-ud/R-fprod1280582/p
Parafarmacia,Leche infantil de continuación desde 6 meses en polvo Almirón Avance 2 800 g.,"16,50 €","20,62 €/kg",https://www.carrefour.es/supermercado/leche-infantil-de-continuacion-desde-6-meses-en-polvo-almiron-avance-2-800-g-almiron/R-712703629/p
Parafarmacia,Perlas sabor limón y melisa sin azúcar Ricola 25 g.,"1,94 €","7,76 €/100g",https://www.carrefour.es/supermercado/perlas-sabor-limon-y-melisa-sin-azucar-ricola-25-g-ricola/R-590508084/p
Parafarmacia,Tónico Agua de Rosas Genové 500 ml.,"4,70 €","0,94 €/100ml",https://www.carrefour.es/supermercado/tonico-agua-de-rosas-genove-500-ml-genove/R-819255756/p
Parafarmacia,Complemento colágeno natural cómplex en polvo Colnatur 330 g.,"17,95 €","5,44 €/100g",https://www.carrefour.es/supermercado/complemento-colageno-natural-complex-en-polvo-colnatur-330-g-colnatur/R-prod890095/p
Parafarmacia,Crema de manos Atopi control para piel seca pack 2 unidades de 75 ml.,"9,50 €","6,33 €/100ml",https://www.carrefour.es/supermercado/crema-de-manos-atopi-control-para-piel-seca-pack-2-unidades-de-75-ml-eucerin/R-prod1020222/p
Parafarmacia,Apósitos con Gel Activo para rozaduras y cortes medianos Hansaplast 8 ud.,"5,80 €","5,80 €/ud",https://www.carrefour.es/supermercado/apositos-con-gel-activo-para-rozaduras-y-cortes-medianos-hansaplast-8-ud-hansaplast/R-522714269/p
Parafarmacia,Cinta dental sabor menta con flúor y triclosán Lacer 50 metros,"4,25 €","4,25 €/ud",https://www.carrefour.es/supermercado/cinta-dental-sabor-menta-con-fluor-y-triclosan-lacer-50-metros-lacer/R-590508002/p
Parafarmacia,Colutorio flúor sabor fresa uso semanal Lacer 100 ml.,"4,60 €","4,60 €/100ml",https://www.carrefour.es/supermercado/colutorio-fluor-sabor-fresa-uso-semanal-lacer-100-ml-lacer/R-590508006/p
Parafarmacia,Gel de baño pH5 para pieles sensibles Eucerin 400 ml.,"9,89 €","2,47 €/100ml",https://www.carrefour.es/supermercado/gel-de-bano-ph5-para-pieles-sensibles-eucerin-400-ml-eucerin/R-590508144/p
Parafarmacia,Gel suave fisiológico para la higiene íntima diaria Germisdin 500 ml.,"11,65 €","2,33 €/100ml",https://www.carrefour.es/supermercado/gel-suave-fisiologico-para-la-higiene-intima-diaria-germisdin-500-ml-germisdin/R-590508582/p
Parafarmacia,Colutorio bucal tratamiento periodontal Perio-Aid 500 ml.,"8,00 €","1,60 €/100ml",https://www.carrefour.es/supermercado/colutorio-bucal-tratamiento-periodontal-perio-aid-500-ml-perio-aid/R-590508796/p
Parafarmacia,Cepillo dental interdental fino Phb 6 ud.,"3,65 €","3,65 €/ud",https://www.carrefour.es/supermercado/cepillo-dental-interdental-fino-phb-6-ud-phb/R-590508820/p
Parafarmacia,Cápsulas quemagrasas Bimanán Plus 40 ud.,"10,60 €","66,25 €/100g",https://www.carrefour.es/supermercado/capsulas-quemagrasas-bimanan-plus-40-ud-bimanan-plus/R-736424723/p
Parafarmacia,Papilla infantil desde 5 meses de 8 cereales con miel Blevit plus 1000 g.,"11,55 €","11,55 €/kg",https://www.carrefour.es/supermercado/papilla-infantil-desde-5-meses-de-8-cereales-con-miel-blevit-plus-1000-g-blevit-plus/R-764119311/p
Parafarmacia,Cepillos dental interdentales mini cónico Interprox 6 ud.,"5,05 €","0,84 €/ud",https://www.carrefour.es/supermercado/cepillos-dental-interdentales-mini-conico-interprox-6-ud-interprox/R-627801926/p
Parafarmacia,Multivitamínico y multimineral Mujer Multicentrum 90 comprimidos.,"24,60 €","16,73 €/100g",https://www.carrefour.es/supermercado/multivitaminico-y-multimineral-mujer-multicentrum-90-comprimidos-multicentrum/R-791635027/p
Parafarmacia,Valeriana clásica Kneipp 90 comprimidos.,"10,95 €","43,80 €/100g",https://www.carrefour.es/supermercado/valeriana-clasica-kneipp-90-comprimidos-kneipp/R-800038849/p
Parafarmacia,Leche infantil de continuación desde 6 meses Nutribén Pro 800 gr,"14,95 €","18,69 €/kg",https://www.carrefour.es/supermercado/leche-infantil-de-continuacion-desde-6-meses-nutriben-pro-800-gr-nutriben/R-804324056/p
Parafarmacia,Colágeno con Magnesio Ana María La Justicia 450 comprimidos.,"18,75 €","2,34 €/100g",https://www.carrefour.es/supermercado/colageno-con-magnesio-ana-maria-la-justicia-450-comprimidos-ana-maria-la-justicia/R-836507269/p
Parafarmacia,Gel de baño Sin Lágrimas Natural Sensation Chicco 750 ml.,"9,40 €","1,25 €/100ml",https://www.carrefour.es/supermercado/gel-de-bano-sin-lagrimas-natural-sensation-chicco-750-ml-chicco/R-prod68769/p
Parafarmacia,Crema de noche antiedad Elasticity + Filler Eucerin 50 ml.,"29,95 €","59,90 €/100ml",https://www.carrefour.es/supermercado/crema-de-noche-antiedad-elasticity-filler-eucerin-50-ml-eucerin/R-prod65105/p
Parafarmacia,Cepillo dental interdental 0.9 micro Interprox 14 ud.,"9,65 €","0,69 €/ud",https://www.carrefour.es/supermercado/cepillo-dental-interdental-09-micro-interprox-14-ud-interprox/R-prod63093/p
Parafarmacia,Gel Dermo Limpiador Mustela 750 ml.,"11,75 €","1,57 €/100ml",https://www.carrefour.es/supermercado/gel-dermo-limpiador-mustela-750-ml-mustela/R-590504186/p
Parafarmacia,Champú al extracto de caléndula uso frecuente Kamel 500 ml.,"7,65 €","1,53 €/100ml",https://www.carrefour.es/supermercado/champu-al-extracto-de-calendula-uso-frecuente-kamel-500-ml/R-prod840684/p
Parafarmacia,Spray para el cuidado de fosas nasales fuerza suave Rhinomer 135 ml.,"9,25 €","6,85 €/100ml",https://www.carrefour.es/supermercado/spray-para-el-cuidado-de-fosas-nasales-fuerza-suave-rhinomer-135-ml-rhinomer/R-590508710/p
Parafarmacia,Tetina de látex anticólico orificio grande Nuk 2 ud.,"5,65 €","2,82 €/ud",https://www.carrefour.es/supermercado/tetina-de-latex-anticolico-orificio-grande-nuk-2-ud-nuk/R-590509358/p
Parafarmacia,Loción astringente micro-exfoliante Effaclar La Roche-Posay 200 ml.,"12,80 €","6,40 €/100ml",https://www.carrefour.es/supermercado/locion-astringente-micro-exfoliante-effaclar-la-roche-posay-200-ml-la-roche-posay/R-590502446/p
Parafarmacia,Desodorante 24h tacto seco sin sales de aluminio Vichy 50 ml.,"8,10 €","16,20 €/100ml",https://www.carrefour.es/supermercado/desodorante-24h-tacto-seco-sin-sales-de-aluminio-vichy-50-ml-vichy/R-600804715/p
Parafarmacia,Dentífrico Herbal Sensation Parodontax 75 ml.,"5,30 €","7,07 €/100ml",https://www.carrefour.es/supermercado/dentifrico-herbal-sensation-parodontax-75-ml/R-VC4AECOMM-451947/p
Parafarmacia,Dentífrico Cariax gingival Kin 125 ml.,"5,95 €","4,76 €/100ml",https://www.carrefour.es/supermercado/dentifrico-cariax-gingival-kin-125-ml-kin/R-590508606/p
Parafarmacia,Dentífrico plus para dientes sensibles Desensin 75 ml.,"5,55 €","7,40 €/100ml",https://www.carrefour.es/supermercado/dentifrico-plus-para-dientes-sensibles-desensin-75-ml-desensin/R-590508786/p
Parafarmacia,Crema regeneradora de los pies muy secos. Eucerin 100 ml.,"10,75 €","10,75 €/100ml",https://www.carrefour.es/supermercado/crema-regeneradora-de-los-pies-muy-secos-eucerin-100-ml-eucerin/R-590511264/p
Parafarmacia,Apósitos maxi cover esteril 76x54 mm Salvelox 5 ud.,"3,05 €","0,61 €/ud",https://www.carrefour.es/supermercado/apositos-maxi-cover-esteril-76x54-mm-salvelox-5-ud-salvelox/R-762102409/p
Parafarmacia,Crema fijadora para prótesis dentales Corega 70 g.,"12,50 €","17,86 €/100g",https://www.carrefour.es/supermercado/crema-fijadora-para-protesis-dentales-corega-70-g-corega/R-590511722/p
Parafarmacia,Papilla infantil desde 4 meses de arroz sin azúcar añadido Nestlé Nestum sin gluten y sin aceite de palma 250 g.,"2,95 €","11,80 €/kg",https://www.carrefour.es/supermercado/papilla-infantil-desde-4-meses-de-arroz-sin-azucar-anadido-nestle-nestum-sin-gluten-y-sin-aceite-de-palma-250-g-nestle-nestum/R-783814213/p
Parafarmacia,Leche infantil desde el primer día en polvo Almirón Avance Digest 1 800 g.,"26,95 €","33,69 €/kg",https://www.carrefour.es/supermercado/leche-infantil-desde-el-primer-dia-en-polvo-almiron-avance-digest-1-800-g-almiron/R-713315940/p
Parafarmacia,"Preparado laxante con ciruela, tamarindo y kiwi Blevit L 150 g.","8,15 €","54,33 €/kg",https://www.carrefour.es/supermercado/preparado-laxante-con-ciruela-tamarindo-y-kiwi-blevit-l-150-g-blevit-l/R-590508940/p
Parafarmacia,Dentífrico repair para dientes sensibles Desensin 75 ml.,"6,00 €","8,00 €/100ml",https://www.carrefour.es/supermercado/dentifrico-repair-para-dientes-sensibles-desensin-75-ml-desensin/R-711411243/p
Parafarmacia,Papilla infantil desde 5 meses de cereales sin azúcar añadido Blevit plus Superfibra sin gluten 600 g.,"7,70 €","12,83 €/kg",https://www.carrefour.es/supermercado/papilla-infantil-desde-5-meses-de-cereales-sin-azucar-anadido-blevit-plus-superfibra-sin-gluten-600-g-blevit-plus-superfibra/R-625319165/p
Parafarmacia,Spray para el cuidado de fosas nasales Agua de Mar Senti2 100 ml.,"6,20 €","6,20 €/100ml",https://www.carrefour.es/supermercado/spray-para-el-cuidado-de-fosas-nasales-agua-de-mar-senti2-100-ml-senti2/R-836507183/p
Parafarmacia,Apósitos hidrocoloides para ampollas Carrefour 6 ud.,"4,32 €","0,72 €/ud",https://www.carrefour.es/supermercado/apositos-hidrocoloides-para-ampollas-carrefour-6-ud-carrefour/R-850700382/p
Parafarmacia,Parches intensivos antiedad Stop Time Facialderm 6 ud.,"8,35 €","1,39 €/ud",https://www.carrefour.es/supermercado/parches-intensivos-antiedad-stop-time-facialderm-6-ud-facialderm/R-prod73416/p
Parafarmacia,Chupete tetina de látex anatómico azul 6-18 meses Suavinex 2 ud.,"6,60 €","3,30 €/ud",https://www.carrefour.es/supermercado/chupete-tetina-de-latex-anatomico-azul-6-18-meses-suavinex-2-ud-suavinex/R-590511898/p
Parafarmacia,Dentífrico anticaries Vitis 100 ml.,"6,35 €","6,35 €/100ml",https://www.carrefour.es/supermercado/dentifrico-anticaries-vitis-100-ml-vitis/R-prod72847/p
Parafarmacia,Crema adhesiva para dentaduras postizas Pro Doble Acción Kukident 60 g.,"10,30 €","14,71 €/100g",https://www.carrefour.es/supermercado/crema-adhesiva-para-dentaduras-postizas-pro-doble-accion-kukident-60-g-kukident/R-838226866/p
Parafarmacia,Desodorante anti-manchas y anti-transpirante Vichy 50 ml.,"9,80 €","19,60 €/100ml",https://www.carrefour.es/supermercado/desodorante-anti-manchas-y-anti-transpirante-vichy-50-ml-vichy/R-696105136/p
Parafarmacia,Leche hidratante corporal Inibsa pack 2x500 ml.,"9,00 €","0,90 €/100ml",https://www.carrefour.es/supermercado/leche-hidratante-corporal-inibsa-pack-2x500-ml-inibsa/R-prod550032/p
Parafarmacia,Champú estimulante con complemento anticaída Vichy Dercos 400 ml.,"14,05 €","3,51 €/100ml",https://www.carrefour.es/supermercado/champu-estimulante-con-complemento-anticaida-vichy-dercos-400-ml-vichy-dercos/R-621403831/p
Parafarmacia,Polvos para pieles sensibles e irritadas Talquistina 50 g.,"7,25 €","14,50 €/100g",https://www.carrefour.es/supermercado/polvos-para-pieles-sensibles-e-irritadas-talquistina-50-g-talquistina/R-590504108/p
Parafarmacia,"Infusión para los gases de anís, hinojo y alcaravea Aquilea 60 ud.","10,05 €","27,92 €/100g",https://www.carrefour.es/supermercado/infusion-para-los-gases-de-anis-hinojo-y-alcaravea-aquilea-60-ud-aquilea/R-590504116/p
Parafarmacia,Dentífrico con Flúor Dentabrit pack de 2 unidades de 125 ml.,"6,25 €","5,00 €/100ml",https://www.carrefour.es/supermercado/dentifrico-con-fluor-dentabrit-pack-de-2-unidades-de-125-ml-dentabrit/R-590504152/p
Parafarmacia,Loción corporal en gel piel normal a seca Hidrobost Neutrogena pack de 2 unidades de 750 ml.,"18,75 €","2,50 €/100ml",https://www.carrefour.es/supermercado/locion-corporal-en-gel-piel-normal-a-seca-hidrobost-neutrogena-pack-de-2-unidades-de-750-ml-neutrogena/R-prod860059/p
Parafarmacia,Bálsamo labial para labios secos y agrietados Aquaphor Eucerín 9 g.,"6,70 €","74,44 €/100g",https://www.carrefour.es/supermercado/balsamo-labial-para-labios-secos-y-agrietados-aquaphor-eucerin-9-g/R-VC4AECOMM-443043/p
Parafarmacia,Papilla Infantil Blevit Plus 8 Cereales 600 gr,"7,70 €","12,83 €/kg",https://www.carrefour.es/supermercado/papilla-infantil-blevit-plus-8-cereales-600-gr-blevit-plus/R-613004446/p
Parafarmacia,Tiras nasales clásicas tamaño grande Breathe Right 30 ud.,"21,60 €","0,72 €/ud",https://www.carrefour.es/supermercado/tiras-nasales-clasicas-tamano-grande-breathe-right-30-ud-breathe-right/R-590507684/p
Parafarmacia,Tinte Classic 5N Castaño Claro Farmatint 1 ud.,"8,30 €","8,30 €/ud",https://www.carrefour.es/supermercado/tinte-classic-5n-castano-claro-farmatint-1-ud-farmatint/R-590507696/p
Parafarmacia,Seda dental suave con flúor y menta Vitis 50 metros,"4,20 €","4,20 €/ud",https://www.carrefour.es/supermercado/seda-dental-suave-con-fluor-y-menta-vitis-50-metros-vitis/R-590508764/p
Parafarmacia,Bálsamo regenerador Ferrer 10 ml.,"4,20 €","42,00 €/100ml",https://www.carrefour.es/supermercado/balsamo-regenerador-ferrer-10-ml-ferrer/R-590510120/p
Parafarmacia,Chupete tetina de látex anatómico rosa 0-6 meses Suavinex 1 ud.,"3,80 €","3,80 €/ud",https://www.carrefour.es/supermercado/chupete-tetina-de-latex-anatomico-rosa-0-6-meses-suavinex-1-ud-suavinex/R-590510522/p
Parafarmacia,Cepillo dental especial para encías Vitis 1 ud.,"4,95 €","4,95 €/ud",https://www.carrefour.es/supermercado/cepillo-dental-especial-para-encias-vitis-1-ud-vitis/R-590511164/p
Parafarmacia,Barritas komplett de chocolate crujiente Bimanán 8 ud.,"12,05 €","3,77 €/100g",https://www.carrefour.es/supermercado/barritas-komplett-de-chocolate-crujiente-bimanan-8-ud-bimanan/R-590512044/p
Parafarmacia,Preparado de futas variadas desde 12 meses sin azúcar añadido Fruta&Go Nutribén sin gluten bolsita de 90 gr,"1,27 €","14,11 €/kg",https://www.carrefour.es/supermercado/preparado-de-futas-variadas-desde-12-meses-sin-azucar-anadido-frutago-nutriben-sin-gluten-bolsita-de-90-gr-nutriben/R-prod550089/p
Parafarmacia,Papilla infantil desde 6 meses de 8 cereales integrales con miel sin azúcar añadido Nestlé Nestum sin aceite de palma 650 g.,"6,80 €","10,46 €/kg",https://www.carrefour.es/supermercado/papilla-infantil-desde-6-meses-de-8-cereales-integrales-con-miel-sin-azucar-anadido-nestle-nestum-sin-aceite-de-palma-650-g-nestle-nestum/R-prod670336/p
Parafarmacia,Leche de crecimiento HiPP Combiotik 3 800 g.,"21,10 €","26,37 €/kg",https://www.carrefour.es/supermercado/leche-de-crecimiento-hipp-combiotik-3-800-g-hipp/R-prod810297/p
Parafarmacia,Leche corporal de caléndula Weleda 200 ml.,"12,40 €","6,20 €/100ml",https://www.carrefour.es/supermercado/leche-corporal-de-calendula-weleda-200-ml-weleda/R-prod74266/p
Parafarmacia,Spray para el cuidado de fosas nasales Rhinomer Aloe Vera 100 ml.,"9,65 €","9,65 €/100ml",https://www.carrefour.es/supermercado/spray-para-el-cuidado-de-fosas-nasales-rhinomer-aloe-vera-100-ml-rhinomer/R-prod430012/p
Parafarmacia,Levadura de cerveza Sanon 160 g.,"7,50 €","4,69 €/100g",https://www.carrefour.es/supermercado/levadura-de-cerveza-sanon-160-g-sanon/R-prod240544/p
Parafarmacia,Cardo Mariano comprimidos Sanon 100 ud.,"9,40 €","18,80 €/100g",https://www.carrefour.es/supermercado/cardo-mariano-comprimidos-sanon-100-ud-sanon/R-595501969/p
Parafarmacia,Pack de Dos Tetinas para Líquidos más Espesos Philips Avent Classic+,"5,10 €","2,55 €/ud",https://www.carrefour.es/supermercado/pack-de-dos-tetinas-para-liquidos-mas-espesos-philips-avent-classic-avent/R-687104305/p
Parafarmacia,Caramelos sabor caramelo sin azúcar Ricola 70 g.,"2,39 €","34,14 €/kg",https://www.carrefour.es/supermercado/caramelos-sabor-caramelo-sin-azucar-ricola-70-g/R-prod871155/p
Parafarmacia,Gel Essentials Hipoalergénico Mussvital 750 ml.,"3,30 €","0,44 €/100ml",https://www.carrefour.es/supermercado/gel-essentials-hipoalergenico-mussvital-750-ml-mussvital/R-prod67848/p
Parafarmacia,Loción corporal essentials aceite de argán Mussvital 400 ml.,"5,05 €","1,26 €/100ml",https://www.carrefour.es/supermercado/locion-corporal-essentials-aceite-de-argan-mussvital-400-ml-mussvital/R-prod68127/p
Parafarmacia,Crema analgésica antiinflamatoria Fisiocrem 250 ml.,"20,05 €","8,02 €/100ml",https://www.carrefour.es/supermercado/crema-analgesica-antiinflamatoria-fisiocrem-250-ml-fisiocrem/R-prod81155/p
Parafarmacia,Vaselina para labios perfumada neutra Carrefour 15 g.,"1,60 €","10,67 €/100g",https://www.carrefour.es/supermercado/vaselina-para-labios-perfumada-neutra-carrefour-15-g/R-VC4AECOMM-451998/p
Parafarmacia,Loción corporal hidratante Hydra Bebé Mustela 300 ml.,"9,18 €","3,06 €/100ml",https://www.carrefour.es/supermercado/locion-corporal-hidratante-hydra-bebe-mustela-300-ml-mustela/R-590507890/p
Parafarmacia,Champú Dercos tratamiento con complejo Anti-Sebo Vichy 1 ud.,"10,30 €","5,15 €/100ml",https://www.carrefour.es/supermercado/champu-dercos-tratamiento-con-complejo-anti-sebo-vichy-1-ud-vichy/R-621403861/p
Parafarmacia,Discos de lactancia absorbentes Maternity 30 ud.,"4,60 €","0,15 €/ud",https://www.carrefour.es/supermercado/discos-de-lactancia-absorbentes-maternity-30-ud-maternity/R-590509808/p
Parafarmacia,Complemento Alimenticio desde 12 meses sabor chocolate Pediasure 400 g.,"12,95 €","32,37 €/kg",https://www.carrefour.es/supermercado/complemento-alimenticio-desde-12-meses-sabor-chocolate-pediasure-400-g-pediasure/R-736424787/p
Parafarmacia,Cucharas infantiles baby spoons Suavinex 2 ud.,"3,60 €","1,80 €/ud",https://www.carrefour.es/supermercado/cucharas-infantiles-baby-spoons-suavinex-2-ud-suavinex/R-590511110/p
Parafarmacia,Discos de lactancia Suavinex 60 ud.,"9,20 €","0,15 €/ud",https://www.carrefour.es/supermercado/discos-de-lactancia-suavinex-60-ud-suavinex/R-590511112/p
Parafarmacia,Fluido hidratante Lipikar La Roche-Posay 750 ml.,"20,45 €","2,73 €/100ml",https://www.carrefour.es/supermercado/fluido-hidratante-lipikar-la-roche-posay-750-ml-la-roche-posay/R-805505665/p
Parafarmacia,Leche infantil para lactantes desde el primer día en polvo Blemil Plus Optimum 1 lata 800 g.,"25,95 €","32,44 €/kg",https://www.carrefour.es/supermercado/leche-infantil-para-lactantes-desde-el-primer-dia-en-polvo-blemil-plus-optimum-1-lata-800-g-blemil-plus/R-prod930166/p
Parafarmacia,Multivitamínico y multimineral para hombre Multicentrum 30 comprimidos.,"11,10 €","28,46 €/100g",https://www.carrefour.es/supermercado/multivitaminico-y-multimineral-para-hombre-multicentrum-30-comprimidos-multicentrum/R-697806840/p
Parafarmacia,Cepillo dental interproximales super micro 0.7 6 ud.,"4,75 €","0,79 €/ud",https://www.carrefour.es/supermercado/cepillo-dental-interproximales-super-micro-07-6-ud-interprox/R-590504028/p
Parafarmacia,Magnesio + Colágeno Vitaminas y minerales Aquilea 30 comprimidos.,"6,50 €","13,83 €/100g",https://www.carrefour.es/supermercado/magnesio-colageno-vitaminas-y-minerales-aquilea-30-comprimidos-aquilea/R-prod231426/p
Parafarmacia,Gel reductor reafirmante Minucell E'lifexir 200 ml.,"9,25 €","4,62 €/100ml",https://www.carrefour.es/supermercado/gel-reductor-reafirmante-minucell-elifexir-200-ml-elifexir/R-668202139/p
Parafarmacia,Mascarilla facial intensiva Hyaluron Filler Eucerín 1 ud.,"8,35 €","8,35 €/ud",https://www.carrefour.es/supermercado/mascarilla-facial-intensiva-hyaluron-filler-eucerin-1-ud/R-fprod1470269/p
Parafarmacia,Crema facial hidratación intensa piel seca Ureadin 50 ml.,"17,65 €","35,30 €/100ml",https://www.carrefour.es/supermercado/crema-facial-hidratacion-intensa-piel-seca-ureadin-50-ml-ureadin/R-590508500/p
Parafarmacia,Enjuague bucal perio clorhexidina Oraldine 400 ml.,"7,70 €","1,92 €/100ml",https://www.carrefour.es/supermercado/enjuague-bucal-perio-clorhexidina-oraldine-400-ml-oraldine/R-590509056/p
Parafarmacia,Bálsamo labial hidratante Carmex 1 ud.,"4,55 €","4,55 €/ud",https://www.carrefour.es/supermercado/balsamo-labial-hidratante-carmex-1-ud-carmex/R-593901621/p
Parafarmacia,Contorno de ojos rellenador de arrugas Hyaluron Filler Eucerin 1 ud.,"20,75 €","138,33 €/100ml",https://www.carrefour.es/supermercado/contorno-de-ojos-rellenador-de-arrugas-hyaluron-filler-eucerin-1-ud-eucerin/R-590511022/p
Parafarmacia,Dentífrico Vitis aloe vera 100 ml.,"5,80 €","5,80 €/100ml",https://www.carrefour.es/supermercado/dentifrico-vitis-aloe-vera-100-ml-vitis/R-590511054/p
Parafarmacia,Gel Intimo+toallitas regalo Lactacyd 400 ml.,"12,40 €","3,10 €/100ml",https://www.carrefour.es/supermercado/gel-intimotoallitas-regalo-lactacyd-400-ml-lactacyd/R-590511574/p
Parafarmacia,Multivitamínico y multimineral adulto Multicentrum 90 comprimidos.,"22,95 €","20,86 €/100g",https://www.carrefour.es/supermercado/multivitaminico-y-multimineral-adulto-multicentrum-90-comprimidos-multicentrum/R-791635029/p
Parafarmacia,Dentifrico especial para portadores de ortodoncia Vitis 100 ml.,"6,55 €","6,55 €/100ml",https://www.carrefour.es/supermercado/dentifrico-especial-para-portadores-de-ortodoncia-vitis-100-ml-vitis/R-837306070/p
Parafarmacia,Papilla infantil desde 6 meses de cereales y plátano sin azúcares añadidos Nestlé 330 g.,"3,00 €","9,09 €/kg",https://www.carrefour.es/supermercado/papilla-infantil-desde-6-meses-de-cereales-y-platano-sin-azucares-anadidos-nestle-330-g/R-fprod1480100/p
Parafarmacia,Leche infantil para lactantes anticólico Blemil Plus AC 800 g.,"25,10 €","31,37 €/kg",https://www.carrefour.es/supermercado/leche-infantil-para-lactantes-anticolico-blemil-plus-ac-800-g-blemil-plus/R-764119313/p
Parafarmacia,Cortacallos Carrefour 1 ud.,"2,15 €","2,15 €/ud",https://www.carrefour.es/supermercado/cortacallos-carrefour-1-ud-carrefour/R-521001094/p
Parafarmacia,Aceite de almendras con aloe vera Phytofarma 250 ml.,"6,80 €","2,72 €/100ml",https://www.carrefour.es/supermercado/aceite-de-almendras-con-aloe-vera-phytofarma-250-ml-phytofarma/R-602205725/p
Parafarmacia,Papilla infantil desde 5 meses de 8 cereales y yogur sin azúcar añadido Blevit plus 600 g.,"8,90 €","14,83 €/kg",https://www.carrefour.es/supermercado/papilla-infantil-desde-5-meses-de-8-cereales-y-yogur-sin-azucar-anadido-blevit-plus-600-g-blevit-plus-duplo/R-632001854/p
Parafarmacia,Crema de día antiedad Elasticity + Filler Eucerin 50 ml.,"29,95 €","59,90 €/100ml",https://www.carrefour.es/supermercado/crema-de-dia-antiedad-elasticity-filler-eucerin-50-ml-eucerin/R-prod65107/p
Parafarmacia,Chupete de látex con tetina anatómica desde 12 meses Suavinex 2 ud.,"6,60 €","3,30 €/ud",https://www.carrefour.es/supermercado/chupete-de-latex-con-tetina-anatomica-desde-12-meses-suavinex-2-ud-suavinex/R-590505168/p
Parafarmacia,Spray nasal con propolis y eucalipto Ouchy 30 ml.,"6,35 €","21,17 €/100ml",https://www.carrefour.es/supermercado/spray-nasal-con-propolis-y-eucalipto-ouchy-30-ml/R-VC4AECOMM-570093/p
Parafarmacia,Mascarilla desechable infantil Lol 3 ud.,"3,70 €","1,23 €/ud",https://www.carrefour.es/supermercado/mascarilla-desechable-infantil-lol-3-ud/R-VC4AECOMM-573509/p
Parafarmacia,Pasta al agua Eryplast 125 g.,"11,85 €","9,48 €/100g",https://www.carrefour.es/supermercado/pasta-al-agua-eryplast-125-g-lutsine/R-590509724/p
Parafarmacia,Cepillo dental interdental Soft Picks Gum 40 ud.,"4,45 €","0,11 €/ud",https://www.carrefour.es/supermercado/cepillo-dental-interdental-soft-picks-gum-40-ud-gum/R-prod64561/p
Parafarmacia,Cepillo dental encías delicadas Gingilacer 1 ud.,"3,75 €","3,75 €/ud",https://www.carrefour.es/supermercado/cepillo-dental-encias-delicadas-gingilacer-1-ud-gingilacer/R-prod69375/p
Parafarmacia,Crema para proteger la zona del pañal Suavinex 75 ml.,"6,90 €","9,20 €/100ml",https://www.carrefour.es/supermercado/crema-para-proteger-la-zona-del-panal-suavinex-75-ml-suavinex/R-619902725/p
Parafarmacia,Desodorante sensitive aloe vera Dermactive roll-on Mussvital pack de 2 unidades de 75 ml.,"6,65 €","4,43 €/100ml",https://www.carrefour.es/supermercado/desodorante-sensitive-aloe-vera-dermactive-roll-on-mussvital-pack-de-2-unidades-de-75-ml-mussvital/R-prod71593/p
Parafarmacia,Champú al extracto de camomila uso frecuente Kamel 500 ml.,"7,65 €","1,53 €/100ml",https://www.carrefour.es/supermercado/champu-al-extracto-de-camomila-uso-frecuente-kamel-500-ml-kamel/R-835367347/p
Parafarmacia,Dermocapillaire champú ph5 Eucerin 250 ml.,"8,30 €","3,32 €/100ml",https://www.carrefour.es/supermercado/dermocapillaire-champu-ph5-eucerin-250-ml-eucerin/R-682008094/p
Parafarmacia,Loción corporal elasticidad intensa para piel seca Neutrógena pack de 2 unidades de 750 ml.,"18,15 €","2,42 €/100ml",https://www.carrefour.es/supermercado/locion-corporal-elasticidad-intensa-para-piel-seca-neutrogena-pack-de-2-unidades-de-750-ml-neutrogena/R-prod70559/p
Parafarmacia,Bálsamo corporal hidratación cara y cuerpo Neutrogena 300 ml.,"13,35 €","4,45 €/100ml",https://www.carrefour.es/supermercado/balsamo-corporal-hidratacion-cara-y-cuerpo-neutrogena-300-ml-neutrogena/R-698102609/p
Parafarmacia,Galletas sabor limón Bimanán 12 ud.,"7,25 €","3,30 €/100g",https://www.carrefour.es/supermercado/galletas-sabor-limon-bimanan-12-ud-bimanan/R-590502838/p
Parafarmacia,Cepillo dental medio Lacer 2 ud.,"6,50 €","3,25 €/ud",https://www.carrefour.es/supermercado/cepillo-dental-medio-lacer-2-ud-lacer/R-prod1140081/p
Parafarmacia,Crema para pies y talones agrietados Neutrogena 50 ml.,"10,60 €","21,20 €/100ml",https://www.carrefour.es/supermercado/crema-para-pies-y-talones-agrietados-neutrogena-50-ml-neutrogena/R-prod67605/p
Parafarmacia,Vitaminas Pharmaton Complex 30 comprimidos.,"9,90 €","33,90 €/100g",https://www.carrefour.es/supermercado/vitaminas-pharmaton-complex-30-comprimidos-pharmaton-complex/R-590503572/p
Parafarmacia,Multivitamínico y multimineral Plus Ginsen & Ginko Multicentrum 30 comprimidos.,"11,70 €","31,62 €/100g",https://www.carrefour.es/supermercado/multivitaminico-y-multimineralplus-ginsen-ginko-multicentrum-30-comprimidos-multicentrum/R-prod810713/p
Parafarmacia,Almohadillas adhesivas para dentadura inferior Algasiv 30 ud.,"10,30 €","0,34 €/ud",https://www.carrefour.es/supermercado/almohadillas-adhesivas-para-dentadura-inferior-algasiv-30-ud-algasiv/R-590504156/p
Parafarmacia,Desmaquillante integral para piel sensible Vichy 300 ml.,"13,25 €","4,42 €/100ml",https://www.carrefour.es/supermercado/desmaquillante-integral-para-piel-sensible-vichy-300-ml-vichy/R-663006806/p
Parafarmacia,Dentífrico especial ortodoncia sabor lima fresca Lacer Orto 75 ml.,"5,40 €","7,20 €/100ml",https://www.carrefour.es/supermercado/dentifrico-especial-ortodoncia-sabor-lima-fresca-lacer-orto-75-ml-lacer-orto/R-prod64172/p
Parafarmacia,Crema sustitutiva de Vainilla y Caramelo biManán Línea pack de 2 unidades de 210 g.,"4,95 €","10,88 €/kg",https://www.carrefour.es/supermercado/crema-sustitutiva-de-vainilla-y-caramelo-bimanan-linea-pack-de-2-unidades-de-210-g-bimanan/R-700809224/p
Parafarmacia,Leche infantil de crecimiento en polvo Nan optipro 4 lata 800 gr,"13,05 €","16,31 €/kg",https://www.carrefour.es/supermercado/leche-infantil-de-crecimiento-en-polvo-nan-optipro-4-lata-800-gr-nestle-nan/R-713315714/p
Parafarmacia,Champú Anticaida Revitalizante Pilexil 300 ml.,"12,00 €","4,00 €/100ml",https://www.carrefour.es/supermercado/champu-anticaida-revitalizante-pilexil-300-ml-pilexil/R-590508016/p
Parafarmacia,Crema hidratante con protección intensa Hydraphase UV La Roche-Posay 50 ml.,"21,00 €","42,00 €/100ml",https://www.carrefour.es/supermercado/crema-hidratante-con-proteccion-intensa-hydraphase-uv-la-roche-posay-50-ml-la-roche-posay/R-590509584/p
Parafarmacia,Cepillo dental suave Phb 2 ud.,"6,35 €","6,35 €/ud",https://www.carrefour.es/supermercado/cepillo-dental-suave-phb-2-ud-phb/R-764905855/p
Parafarmacia,Cepillo dental suave clásico Phb 2 ud.,"4,80 €","4,80 €/ud",https://www.carrefour.es/supermercado/cepillo-dental-suave-clasico-phb-2-ud-phb/R-764905861/p
Parafarmacia,Colutorio menta ortodoncias Lacer 500 ml.,"7,75 €","1,55 €/100ml",https://www.carrefour.es/supermercado/colutorio-menta-ortodoncias-lacer-500-ml-lacer/R-590512254/p
Parafarmacia,Pomada reparadora nariz y labios Aquaphor Eucerin 7 g.,"4,95 €","70,71 €/100g",https://www.carrefour.es/supermercado/pomada-reparadora-nariz-y-labios-aquaphor-eucerin-7-g-eucerin/R-prod490087/p
Parafarmacia,Preparado de fresa y plátano con yogur natural desde 12 meses Fruta&Go Nutriben bolsita de 90 gr,"1,27 €","14,11 €/kg",https://www.carrefour.es/supermercado/preparado-de-fresa-y-platano-con-yogur-natural-desde-12-meses-frutago-nutriben-bolsita-de-90-gr-nutriben/R-prod550091/p
Parafarmacia,Cepillo dental para el cuidado de encías Protección Completa Parodontax 1 ud.,"4,10 €","4,10 €/ud",https://www.carrefour.es/supermercado/cepillo-dental-para-el-cuidado-de-encias-proteccion-completa-parodontax-1-ud-parodontax/R-prod720230/p
Parafarmacia,Colágeno + Ácido Hialurónico Sanon 60 cápsulas.,"10,65 €","30,43 €/100g",https://www.carrefour.es/supermercado/colageno-acido-hialuronico-sanon-60-capsulas-sanon/R-prod231017/p
Parafarmacia,Tijeritas para bebé Nuk 1 ud.,"4,75 €","4,75 €/ud",https://www.carrefour.es/supermercado/tijeritas-para-bebe-nuk-1-ud-nuk/R-590508204/p
Parafarmacia,Chupete anatómico de látex 6-18 meses Nuk Disney 2 ud.,"5,25 €","2,62 €/ud",https://www.carrefour.es/supermercado/chupete-anatomico-de-latex-6-18-meses-nuk-disney-2-ud-nuk/R-590501900/p
Parafarmacia,Crema hidratante matificante Effaclar Mat La Roche-Posay 40 ml.,"15,55 €","38,87 €/100ml",https://www.carrefour.es/supermercado/crema-hidratante-matificante-effaclar-mat-la-roche-posay-40-ml-la-roche-posay/R-663006826/p
Parafarmacia,Crema facial hidratante FP 15 para bebés Nutraisdin 50 ml.,"9,75 €","65,00 €/100ml",https://www.carrefour.es/supermercado/crema-facial-hidratante-fp-15-para-bebes-nutraisdin-50-ml-nutraisdin/R-609203562/p
Parafarmacia,Caja de limpieza de protesis y aparatos de ortodoncia Pierrot 1 ud.,"2,30 €","2,30 €/ud",https://www.carrefour.es/supermercado/caja-de-limpieza-de-protesis-y-aparatos-de-ortodoncia-pierrot-1-ud/R-VC4AECOMM-430735/p
Parafarmacia,Vitamina C comprimidos Sanon 60 ud.,"6,40 €","0,38 €/100g",https://www.carrefour.es/supermercado/vitamina-c-comprimidos-sanon-60-ud/R-VC4AECOMM-563708/p
Parafarmacia,Papilla infantil desde 5 meses de 8 cereales integrales con miel Blevit plus Superfibra 600 g.,"7,70 €","12,83 €/kg",https://www.carrefour.es/supermercado/papilla-infantil-desde-5-meses-de-8-cereales-integrales-con-miel-blevit-plus-superfibra-600-g-blevit-plus-superfibra/R-618101742/p
Parafarmacia,Gel aceite de argán Essentials Hipoalergénico Mussvital 750 ml.,"3,30 €","0,44 €/100ml",https://www.carrefour.es/supermercado/gel-aceite-de-argan-essentials-hipoalergenico-mussvital-750-ml-mussvital/R-prod67828/p
Parafarmacia,Gel aceite de coco Essentials Hipoalergénico Mussvital 750 ml.,"3,30 €","0,44 €/100ml",https://www.carrefour.es/supermercado/gel-aceite-de-coco-essentials-hipoalergenico-mussvital-750-ml-mussvital/R-prod67827/p
Parafarmacia,Caramelo sabor menta montaña sin azúcar Ricola 50 g.,"2,40 €","4,80 €/100g",https://www.carrefour.es/supermercado/caramelo-sabor-menta-montana-sin-azucar-ricola-50-g-ricola/R-699408696/p
Parafarmacia,Mascarilla facial con esencia de colágeno ecológica Chobs 25 ml.,"4,20 €","16,80 €/100ml",https://www.carrefour.es/supermercado/mascarilla-facial-con-esencia-de-colageno-ecologica-chobs-25-ml/R-VC4AECOMM-490625/p
Parafarmacia,Caramelo sabor naranja y menta sin azúcar Ricola 50 g.,"2,40 €","4,80 €/100g",https://www.carrefour.es/supermercado/caramelo-sabor-naranja-y-menta-sin-azucar-ricola-50-g-ricola/R-590508080/p
Parafarmacia,Crema de manos jaipur perfume floral Carrefour Soft 240 ml.,"2,30 €","0,96 €/100ml",https://www.carrefour.es/supermercado/crema-de-manos-jaipur-perfume-floral-carrefour-soft-240-ml/R-VC4AECOMM-569930/p
Parafarmacia,Dermojabón azufre antiseborreico Grisi 100 g.,"3,80 €","3,80 €/100g",https://www.carrefour.es/supermercado/dermojabon-azufre-antiseborreico-grisi-100-g-grisi/R-590509910/p
Parafarmacia,Complemento alimenticion Omega 3-6-9 Sanon 79 g.,"5,65 €","5,71 €/100g",https://www.carrefour.es/supermercado/complemento-alimenticion-omega-3-6-9-sanon-79-g-sanon/R-739101048/p
Parafarmacia,Tratamiento colesterol Sanon 30 comprimidos.,"7,10 €","47,33 €/100g",https://www.carrefour.es/supermercado/tratamiento-colesterol-sanon-30-comprimidos-sanon/R-prod490034/p
Parafarmacia,Gel de ducha Lipikar La Roche-Posay 1 ud.,"13,60 €","1,81 €/100ml",https://www.carrefour.es/supermercado/gel-de-ducha-lipikar-la-roche-posay-1-ud-la-roche-posay/R-805505663/p
Parafarmacia,Mascarilla peel of impirezas Facialderm 18 ml.,"5,35 €","5,35 €/ud",https://www.carrefour.es/supermercado/mascarilla-peel-of-impirezas-facialderm-18-ml-facialderm/R-prod870008/p
Parafarmacia,Atopic piel gel baño Ferrer 750 ml.,"17,45 €","2,33 €/100ml",https://www.carrefour.es/supermercado/atopic-piel-gel-bano-ferrer-750-ml-ferrer/R-677310429/p
Parafarmacia,Melatonina en comprimidos Aquilea 30 ud.,"9,15 €","0,92 €/100g",https://www.carrefour.es/supermercado/melatonina-en-comprimidos-aquilea-30-ud-aquilea/R-697301716/p
Parafarmacia,Cepillo dental interproximales plus micro 0.9 10 ud.,"7,35 €","0,73 €/ud",https://www.carrefour.es/supermercado/cepillo-dental-interproximales-plus-micro-09-10-ud-interprox/R-590502776/p
Parafarmacia,Bandas adhesivas color piel tamaño único 1x6 cm. Carrefour 10 ud.,"1,55 €","51,67 €/kg",https://www.carrefour.es/supermercado/bandas-adhesivas-color-piel-tamano-unico-1x6-cm-carrefour-10-ud-carrefour/R-522713953/p
Parafarmacia,Crema fijadora para prótesis dentales Corega 70 g.,"12,45 €","17,79 €/100g",https://www.carrefour.es/supermercado/crema-fijadora-para-protesis-dentales-corega-70-g-corega/R-fprod1200295/p
Parafarmacia,Almohadillas adhesivas para dentadura superior Algasiv 30 ud.,"10,30 €","0,34 €/ud",https://www.carrefour.es/supermercado/almohadillas-adhesivas-para-dentadura-superior-algasiv-30-ud-algasiv/R-590504154/p
Parafarmacia,Desodorante para pies en spray sek sport Peusek 150 ml.,"6,25 €","4,17 €/100ml",https://www.carrefour.es/supermercado/desodorante-para-pies-en-spray-sek-sport-peusek-150-ml-peusek/R-590504682/p
Parafarmacia,Crema contorno de ojos mineral 89 Vichy 15 ml.,"17,45 €","116,33 €/100ml",https://www.carrefour.es/supermercado/crema-contorno-de-ojos-mineral-89-vichy-15-ml/R-fprod1280077/p
Parafarmacia,Propóleo capsulas Sanon 100 ud.,"10,85 €","21,27 €/100g",https://www.carrefour.es/supermercado/propoleo-capsulas-sanon-100-ud-sanon/R-595201690/p
Parafarmacia,Leche infantil para lactantes desde el primer día Damira Natur 1 lata 800 g.,"21,00 €","2,62 €/100g",https://www.carrefour.es/supermercado/leche-infantil-para-lactantes-desde-el-primer-dia-damira-natur-1-lata-800-g/R-fprod1380200/p
Parafarmacia,Crema pies durezas Neutrogena 50 ml.,"8,75 €","17,50 €/100ml",https://www.carrefour.es/supermercado/crema-pies-durezas-neutrogena-50-ml-neutrogena/R-590507816/p
Parafarmacia,Cepillo dental junior Lacer 1 ud.,"3,39 €","3,39 €/ud",https://www.carrefour.es/supermercado/cepillo-dental-junior-lacer-1-ud-lacer/R-590507988/p
Parafarmacia,Cepillo dental suave Lacer 1 ud.,"3,65 €","3,65 €/ud",https://www.carrefour.es/supermercado/cepillo-dental-suave-lacer-1-ud-lacer/R-590507990/p
Parafarmacia,Cepillo dental fuerte Lacer 1 ud.,"3,65 €","3,65 €/ud",https://www.carrefour.es/supermercado/cepillo-dental-fuerte-lacer-1-ud-lacer/R-590507996/p
Parafarmacia,Oleogel de ducha pH5 para piel sensible y seca Eucerin 1000 ml.,"21,80 €","2,18 €/100ml",https://www.carrefour.es/supermercado/oleogel-de-ducha-ph5-para-piel-sensible-y-seca-eucerin-1000-ml-eucerin/R-590508152/p
Parafarmacia,Emulsión para baño sin jabón piel sensible avena Multidermol 750 ml.,"9,15 €","1,22 €/100ml",https://www.carrefour.es/supermercado/emulsion-para-bano-sin-jabon-piel-sensible-avena-multidermol-750-ml-multidermol/R-590508622/p
Parafarmacia,Enjuague bucal Cariax gingival Kin 500 ml.,"8,05 €","1,61 €/100ml",https://www.carrefour.es/supermercado/enjuague-bucal-cariax-gingival-kin-500-ml-kin/R-590508700/p
Parafarmacia,Desodorante original antitranspirante roll-on Perspirex 25 ml.,"13,05 €","52,20 €/100ml",https://www.carrefour.es/supermercado/desodorante-original-antitranspirante-roll-on-perspirex-25-ml-perspirex/R-590508922/p
Parafarmacia,Crema de manos de flor de loto Believe in you Ninette 30 ml.,"1,07 €","3,57 €/100ml",https://www.carrefour.es/supermercado/crema-de-manos-de-flor-de-loto-believe-in-you-ninette-30-ml/R-VC4AECOMM-583779/p
Parafarmacia,Papilla Infantil Blevit Plus Sin Gluten 600 gr,"7,70 €","12,83 €/kg",https://www.carrefour.es/supermercado/papilla-infantil-blevit-plus-sin-gluten-600-gr-blevit-plus/R-617101723/p
Parafarmacia,Arándono rojo americano con vitamina C Sanon 30 comprimidos.,"8,35 €","69,58 €/100g",https://www.carrefour.es/supermercado/arandono-rojo-americano-con-vitamina-c-sanon-30-comprimidos-sanon/R-790212509/p
Parafarmacia,Leche infantil para lactantes desde el primer día Nutriben Natal lata 800 g.,"19,20 €","24,00 €/kg",https://www.carrefour.es/supermercado/leche-infantil-para-lactantes-desde-el-primer-dia-nutriben-natal-lata-800-g-nutriben/R-804324088/p
Parafarmacia,Leche infantil desde los 6 meses en polvo Almirón Advance Digest 2 800 g.,"24,55 €","30,69 €/kg",https://www.carrefour.es/supermercado/leche-infantil-desde-los-6-meses-en-polvo-almiron-advance-digest-2-800-g-almiron/R-713315942/p
Parafarmacia,Leche infantil para lactantes en polvo Almirón Advance 1 800 g.,"25,25 €","31,56 €/kg",https://www.carrefour.es/supermercado/leche-infantil-para-lactantes-en-polvo-almiron-advance-1-800-g-almiron/R-713315946/p
Parafarmacia,Colirio hidratante para ojos secos Optrex 10 ml.,"8,15 €","81,50 €/100ml",https://www.carrefour.es/supermercado/colirio-hidratante-para-ojos-secos-optrex-10-ml-optrex/R-804031797/p
Parafarmacia,Pack crema de manos + loción corporal + labial Neutrogena 1 ud.,"9,75 €","9,75 €/ud",https://www.carrefour.es/supermercado/pack-crema-de-manos-locion-corporal-labial-neutrogena-1-ud-neutrogena/R-730287273/p
Parafarmacia,Leche infantil para lactantes desde el primer día Enfamil Complete 800 g.,"22,80 €","28,50 €/kg",https://www.carrefour.es/supermercado/leche-infantil-para-lactantes-desde-el-primer-dia-enfamil-complete-800-g/R-fprod1410183/p
Parafarmacia,Melatonina dulces sueños Phytofarma 225 cápsulas.,"22,35 €","18,32 €/100g",https://www.carrefour.es/supermercado/melatonina-dulces-suenos-phytofarma-225-capsulas-phytofarma/R-prod490004/p
Parafarmacia,Gotas Hidratantes y refrescantes Ácido Hialurónico Solupharm 10 ml.,"6,45 €","64,50 €/100ml",https://www.carrefour.es/supermercado/gotas-hidratantes-y-refrescantes-acido-hialuronico-solupharm-10-ml-solupharm/R-prod211566/p
Parafarmacia,Crema fijadora para prótesis máximo sellado Corega 40 g.,"9,55 €","23,87 €/100g",https://www.carrefour.es/supermercado/crema-fijadora-para-protesis-maximo-sellado-corega-40-g-corega/R-prod810747/p
Parafarmacia,Leche infantil desde los 6 meses en polvo Almirón Advance AR 2 800 g.,"21,90 €","27,37 €/kg",https://www.carrefour.es/supermercado/leche-infantil-desde-los-6-meses-en-polvo-almiron-advance-ar-2-800-g-almiron/R-713315948/p
Parafarmacia,Dentífrico Herbal Fresh Parodontax 75 ml.,"5,30 €","7,07 €/100ml",https://www.carrefour.es/supermercado/dentifrico-herbal-fresh-parodontax-75-ml/R-VC4AECOMM-459363/p
Parafarmacia,Dentífrico Lacer 125 ml.,"4,95 €","3,96 €/100ml",https://www.carrefour.es/supermercado/dentifrico-lacer-125-ml-lacer/R-prod62092/p
Parafarmacia,Champú con extracto de cebolla Nuggela & Sulé 250 ml.,"19,00 €","7,60 €/100ml",https://www.carrefour.es/supermercado/champu-con-extracto-de-cebolla-nuggela-sule-250-ml-nuggela-sule/R-805066332/p
Parafarmacia,Discos protectores para callos Carrefour 9 ud.,"1,61 €","0,18 €/ud",https://www.carrefour.es/supermercado/discos-protectores-para-callos-carrefour-9-ud-carrefour/R-819114702/p
Parafarmacia,Dermocapillaire champú urea Eucerin 250 ml.,"10,55 €","4,22 €/100ml",https://www.carrefour.es/supermercado/dermocapillaire-champu-urea-eucerin-250-ml-eucerin/R-682008092/p
Parafarmacia,Serum concentrado rellenador de arrugas Hyaluron Filler Eucerin 30 ml.,"33,95 €","113,17 €/100ml",https://www.carrefour.es/supermercado/serum-concentrado-rellenador-de-arrugas-hyaluron-filler-eucerin-30-ml-eucerin/R-590502344/p
Parafarmacia,Natilla sabor praliné en sobres Bimanán 5 ud.,"11,70 €","4,68 €/100g",https://www.carrefour.es/supermercado/natilla-sabor-praline-en-sobres-bimanan-5-ud-bimanan/R-652601838/p
Parafarmacia,Crema Vientre reductor y reafirmante Tyalocare 225 ml.,"10,45 €","4,64 €/100ml",https://www.carrefour.es/supermercado/crema-vientre-reductor-y-reafirmante-tyalocare-225-ml-tyalocare/R-prod1140325/p
Parafarmacia,Crema emoliente Stelatopia-Mustela 300 ml.,"17,90 €","5,97 €/100ml",https://www.carrefour.es/supermercado/crema-emoliente-stelatopia-mustela-300-ml-stelatopia-mustela/R-prod71289/p
Parafarmacia,Vitaminas Pharmaton Complex 60 comprimidos.,"16,15 €","34,81 €/100g",https://www.carrefour.es/supermercado/vitaminas-pharmaton-complex-60-comprimidos-pharmaton-complex/R-590503570/p
Parafarmacia,Crema adhesiva premium Kukident 57 g.,"10,30 €","18,07 €/100g",https://www.carrefour.es/supermercado/crema-adhesiva-premium-kukident-57-g-kukident/R-prod810782/p
Parafarmacia,Crema anti-marcas duo Effaclar La Roche-Posay 30 ml.,"16,50 €","55,00 €/100ml",https://www.carrefour.es/supermercado/crema-anti-marcas-duo-effaclar-la-roche-posay-30-ml-la-roche-posay/R-590504048/p
Parafarmacia,Liquido lentillas ecológico True Bausch + Lomb 300 ml.,"10,80 €","3,60 €/100ml",https://www.carrefour.es/supermercado/liquido-lentillas-ecologico-true-bausch-lomb-300-ml-bausch-lomb/R-590504840/p
Parafarmacia,Compresas estériles Mercurochrome 30 ud.,"3,80 €","0,13 €/ud",https://www.carrefour.es/supermercado/compresas-esteriles-mercurochrome-30-ud-mercurochrome/R-prod240717/p
Parafarmacia,Onagra capsulas Sanon 450 ud.,"21,50 €","7,47 €/100g",https://www.carrefour.es/supermercado/onagra-capsulas-sanon-450-ud-sanon/R-595501983/p
Parafarmacia,Natilla sabor limón en sobres Bimanán 300 g.,"11,70 €","3,90 €/100g",https://www.carrefour.es/supermercado/natilla-sabor-limon-en-sobres-bimanan-300-g-bimanan/R-605301953/p
Parafarmacia,Agua termal Jonzac 300 ml.,"7,35 €","2,45 €/100ml",https://www.carrefour.es/supermercado/agua-termal-jonzac-300-ml/R-fprod1410164/p
Parafarmacia,Loción + champú antipiojos ZZ 225 ml.,"9,00 €","9,00 €/ud",https://www.carrefour.es/supermercado/locion-champu-antipiojos-zz-225-ml-zz/R-prod850202/p
Parafarmacia,Bálsamo labial hidrantate Carmex 1 ud.,"4,55 €","4,55 €/ud",https://www.carrefour.es/supermercado/balsamo-labial-hidrantate-carmex-1-ud-carmex/R-593901611/p
Parafarmacia,Dentífrico sabor fresa especial ortodoncia Lacer 75 ml.,"5,50 €","7,33 €/100ml",https://www.carrefour.es/supermercado/dentifrico-sabor-fresa-especial-ortodoncia-lacer-75-ml-lacer/R-590507984/p
Parafarmacia,Cepillo dental ultra-suave Lacer 1 ud.,"3,75 €","3,75 €/ud",https://www.carrefour.es/supermercado/cepillo-dental-ultra-suave-lacer-1-ud-lacer/R-590507992/p
Parafarmacia,Higiene íntima calmante Eucerin 250 ml.,"6,30 €","2,52 €/100ml",https://www.carrefour.es/supermercado/higiene-intima-calmante-eucerin-250-ml-eucerin/R-590508148/p
Parafarmacia,Desodorante anti-transpirante para hombre 48h Vichy 50 ml.,"7,90 €","15,80 €/100ml",https://www.carrefour.es/supermercado/desodorante-anti-transpirante-para-hombre-48h-vichy-50-ml-vichy/R-590508616/p
Parafarmacia,Cepillo dental interdental cónico Phb 6 ud.,"3,65 €","3,65 €/ud",https://www.carrefour.es/supermercado/cepillo-dental-interdental-conico-phb-6-ud-phb/R-590508818/p
Parafarmacia,Crema de manos de cerezo en flor Follow your dreams Ninette 30 ml.,"1,07 €","3,57 €/100ml",https://www.carrefour.es/supermercado/crema-de-manos-de-cerezo-en-flor-follow-your-dreams-ninette-30-ml/R-VC4AECOMM-583780/p
Parafarmacia,Complemento vitamínico con coenzima Q10 Supradyn Activo Bayer 30 ud.,"11,45 €","28,48 €/100g",https://www.carrefour.es/supermercado/complemento-vitaminico-con-coenzima-q10-supradyn-activo-bayer-30-ud-bayer/R-626301684/p
Parafarmacia,Papilla infantil desde 4 meses multicereales Damira sin gluten y sin lactosa 600 g.,"6,20 €","1,03 €/100g",https://www.carrefour.es/supermercado/papilla-infantil-desde-4-meses-multicereales-damira-sin-gluten-y-sin-lactosa-600-g-sanutri/R-590511138/p
Parafarmacia,"Complemento alimenticio con jalea real, vitaminas y hierro Revital 20 ampollas.","17,35 €","8,67 €/100ml",https://www.carrefour.es/supermercado/complemento-alimenticio-con-jalea-real-vitaminas-y-hierro-revital-20-ampollas-revital/R-590511208/p
Parafarmacia,Agua micelar para pieles sensibles La Roche-Posay 200 ml.,"11,95 €","5,97 €/100ml",https://www.carrefour.es/supermercado/agua-micelar-para-pieles-sensibles-la-roche-posay-200-ml-la-roche-posay/R-590511282/p
Parafarmacia,Cepillo dental medio Phb 2 ud.,"4,80 €","4,80 €/ud",https://www.carrefour.es/supermercado/cepillo-dental-medio-phb-2-ud-phb/R-764905853/p
Parafarmacia,Jarabe para el cuidado de la garganta Arkovox 150 ml.,"7,90 €","5,27 €/100ml",https://www.carrefour.es/supermercado/jarabe-para-el-cuidado-de-la-garganta-arkovox-150-ml-arkovox/R-590511528/p
Parafarmacia,Drenaje reductor ultra Bimanán 500 ml.,"18,25 €","3,65 €/100ml",https://www.carrefour.es/supermercado/drenaje-reductor-ultra-bimanan-500-ml-bimanan/R-590511600/p
Parafarmacia,Barritas sustitutive chocolate negro fondant Bimanán 8 ud.,"12,05 €","3,77 €/100g",https://www.carrefour.es/supermercado/barritas-sustitutive-chocolate-negro-fondant-bimanan-8-ud-bimanan/R-590512036/p
Parafarmacia,Batido sabor chocolate en sobres Bimanán 5 ud.,"11,70 €","4,68 €/100g",https://www.carrefour.es/supermercado/batido-sabor-chocolate-en-sobres-bimanan-5-ud-bimanan/R-590512050/p
Parafarmacia,Spray desodorante para pies y calzado Funsol Bayer 150 ml.,"8,95 €","5,97 €/100ml",https://www.carrefour.es/supermercado/spray-desodorante-para-pies-y-calzado-funsol-bayer-150-ml-bayer/R-590512322/p
Parafarmacia,Pomada reparadora Aquaphor Eucerin 40 g.,"9,10 €","22,75 €/100g",https://www.carrefour.es/supermercado/pomada-reparadora-aquaphor-eucerin-40-g-eucerin/R-625334202/p
Parafarmacia,Fluido facial hidratante matificante DermoPure Eucerin 50 ml.,"17,45 €","34,90 €/100ml",https://www.carrefour.es/supermercado/fluido-facial-hidratante-matificante-dermopure-eucerin-50-ml-eucerin/R-prod490088/p
Parafarmacia,Gel limpiador facial DermoPure Eucerin 400 ml.,"14,90 €","3,72 €/100ml",https://www.carrefour.es/supermercado/gel-limpiador-facial-dermopure-eucerin-400-ml-eucerin/R-prod680079/p
Parafarmacia,Multivitamínico y multimineral Hombre 50+ Multicentrum 30 comprimidos.,"12,25 €","30,62 €/100g",https://www.carrefour.es/supermercado/multivitaminico-y-multimineral-hombre-50-multicentrum-30-comprimidos-multicentrum/R-791634996/p
Parafarmacia,Aceite hipocalórico Dietetica y Nutrición Ordesa 500 ml.,"8,60 €","1,72 €/100ml",https://www.carrefour.es/supermercado/aceite-hipocalorico-dietetica-y-nutricion-ordesa-500-ml-ordesa/R-808943654/p
Parafarmacia,Loción hidratante ultraligera pH5 para pieles secas y sensibles Eucerin 1000 ml.,"23,35 €","2,33 €/100ml",https://www.carrefour.es/supermercado/locion-hidratante-ultraligera-ph5-para-pieles-secas-y-sensibles-eucerin-1000-ml-eucerin/R-prod780650/p
Parafarmacia,Tratamiento contra piojos y liendres Paranix 100 ml.,"14,90 €","14,90 €/100ml",https://www.carrefour.es/supermercado/tratamiento-contra-piojos-y-liendres-paranix-100-ml-paranix/R-prod810053/p
Parafarmacia,Leche infantil para lactantes desde el primer día Nestlé Nan Optipro 1 brik 200 ml.,"2,09 €","10,45 €/l",https://www.carrefour.es/supermercado/leche-infantil-para-lactantesdesde-el-primer-dia-nestle-nan-optipro-1-brik-200-ml-nestle/R-fprod1180041/p
Parafarmacia,Papillas Nestum Expert Sinlac 250 gr,"3,70 €","14,80 €/kg",https://www.carrefour.es/supermercado/papillas-nestum-expert-sinlac-250-gr-nestle/R-640301831/p
Parafarmacia,Leche de iniciación HiPP Combiotik 1 lata 800 g.,"22,95 €","28,69 €/kg",https://www.carrefour.es/supermercado/leche-de-iniciacion-hipp-combiotik-1-lata-800-g-hipp/R-prod810296/p
Parafarmacia,Complemento alimenticio gases Sanon 60 cápsulas.,"4,85 €","17,32 €/100g",https://www.carrefour.es/supermercado/complemento-alimenticio-gases-sanon-60-capsulas-sanon/R-fprod1230233/p
Parafarmacia,Omega 3 capsulas Sanon 100 ud.,"8,70 €","12,43 €/100g",https://www.carrefour.es/supermercado/omega-3-capsulas-sanon-100-ud-sanon/R-595501981/p
Parafarmacia,"Mochila de paseo bebe azul Nenuco: Leche hidratante 200 ml, colonia 200 ml, champú extra suevo 200 ml y gel de baño 200 ml","11,60 €","11,60 €/ud",https://www.carrefour.es/supermercado/mochila-de-paseo-bebe-azul-nenuco-leche-hidratante-200-ml-colonia-200-ml-champu-extra-suevo-200-ml-y-gel-de-bano-200-ml-nenuco/R-521009455/p
Parafarmacia,Champú anticaída Fortaleza Clearé Institute 400 ml.,"11,40 €","2,85 €/100ml",https://www.carrefour.es/supermercado/champu-anticaida-fortaleza-cleare-institute-400-ml-cleare-institute/R-856400415/p
Parafarmacia,Apósito callicidas con ácido salicílico Carrefour 6 ud.,"1,55 €","0,26 €/ud",https://www.carrefour.es/supermercado/aposito-callicidas-con-acido-salicilico-carrefour-6-ud/R-fprod1280567/p
Parafarmacia,Mascarilla facial antiarrugas con extracto de rosa ecológica Chobs 25 ml.,"4,20 €","16,80 €/100ml",https://www.carrefour.es/supermercado/mascarilla-facial-antiarrugas-con-extracto-de-rosa-ecologica-chobs-25-ml/R-VC4AECOMM-490584/p
Parafarmacia,Toallitas lavado adultos Addermis Biactiv 60 ud.,"5,45 €","0,91 €/ud",https://www.carrefour.es/supermercado/toallitas-lavado-adultos-addermis-biactiv-60-ud-addermis-biactiv/R-590507740/p
Parafarmacia,Gel limpiador piel grasa y acneica Bactopur Lutsine 200 ml.,"16,85 €","8,42 €/100ml",https://www.carrefour.es/supermercado/gel-limpiador-piel-grasa-y-acneica-bactopur-lutsine-200-ml-lutsine/R-590507758/p
Parafarmacia,Perlas sabor fresa sin azúcar Ricola 25 g.,"1,94 €","7,76 €/100g",https://www.carrefour.es/supermercado/perlas-sabor-fresa-sin-azucar-ricola-25-g-ricola/R-590508088/p
Parafarmacia,Toallitas para la higiene anal Hemoallitas 50 ud.,"7,60 €","0,15 €/ud",https://www.carrefour.es/supermercado/toallitas-para-la-higiene-anal-hemoallitas-50-ud-hemoallitas/R-590508876/p
Parafarmacia,Tapones de silicona Ototap 6 ud.,"4,00 €","0,67 €/ud",https://www.carrefour.es/supermercado/tapones-de-silicona-ototap-6-ud-ototap/R-619902591/p
Parafarmacia,Colutorio repair dientes sensibles Desensin 500 ml.,"10,75 €","2,15 €/100ml",https://www.carrefour.es/supermercado/colutorio-repair-dientes-sensibles-desensin-500-ml-desensin/R-prod67614/p
Parafarmacia,Kit cuchilla corta callos Carrefour 10 ud.,"1,13 €","0,11 €/ud",https://www.carrefour.es/supermercado/kit-cuchilla-corta-callos-carrefour-10-ud-carrefour/R-521001090/p
Parafarmacia,Endurecedor de uñas Mavala 2 ml.,"8,60 €","8,60 €/ud",https://www.carrefour.es/supermercado/endurecedor-de-unas-mavala-2-ml-mavala/R-prod870801/p
Parafarmacia,Crema corporal extreme Atopic piel Ferrer 150 ml.,"16,70 €","11,13 €/100ml",https://www.carrefour.es/supermercado/crema-corporal-extreme-atopic-piel-ferrer-150-ml-ferrer/R-677310519/p
Parafarmacia,Serum de noche Hyalluron Filler Eucerin 30 ml.,"40,00 €","133,33 €/100ml",https://www.carrefour.es/supermercado/serum-de-noche-hyalluron-filler-eucerin-30-ml-eucerin/R-prod930210/p
Parafarmacia,Contorno de ojos tratamiento anti-edad Xhekpon 15 ml.,"18,10 €","18,10 €/ud",https://www.carrefour.es/supermercado/contorno-de-ojos-tratamiento-anti-edad-xhekpon-15-ml-xhekpon/R-679501711/p
Parafarmacia,Crema Idéalia iluminadora alisadora para piel normal y mixta Vichy 1 ud.,"23,85 €","47,70 €/100ml",https://www.carrefour.es/supermercado/crema-idealia-iluminadora-alisadora-para-piel-normal-y-mixta-vichy-1-ud-vichy/R-652500635/p
Parafarmacia,Crema anti-imperfecciones Normaderm Vichy 50 ml.,"17,95 €","35,90 €/100ml",https://www.carrefour.es/supermercado/crema-anti-imperfecciones-normaderm-vichy-50-ml-vichy/R-590504044/p
Parafarmacia,Champú cabello normal/graso T/Gel Neutrogena pack de 2 unidades de 250 ml.,"14,45 €","2,89 €/100ml",https://www.carrefour.es/supermercado/champu-cabello-normal-graso-t-gel-neutrogena-pack-de-2-unidades-de-250-ml-neutrogena/R-590504084/p
Parafarmacia,Serum antioxidante con vitamina C10 La Roche Posay 30 ml.,"41,95 €","139,83 €/100ml",https://www.carrefour.es/supermercado/serum-antioxidante-con-vitamina-c10-la-roche-posay-30-ml/R-fprod1280313/p
Parafarmacia,Vinamina B12 cápsulas Sanon sin gluten 60 ud.,"5,50 €","18,33 €/100g",https://www.carrefour.es/supermercado/vinamina-b12-capsulas-sanon-sin-gluten-60-ud/R-fprod1420031/p
Parafarmacia,Tarrito de verduras selectas con pollo desde 6 meses Nutriben Potitos Innova 235 g.,"2,15 €","9,15 €/kg",https://www.carrefour.es/supermercado/tarrito-de-verduras-selectas-con-pollo-desde-6-meses-nutriben-potitos-innova-235-g/R-VC4AECOMM-430969/p
Parafarmacia,Gel hidratante vaginal Vagisil 50 g.,"11,35 €","22,70 €/100g",https://www.carrefour.es/supermercado/gel-hidratante-vaginal-vagisil-50-g-vagisil/R-712703633/p
Parafarmacia,Stick de arnica suaviza y reconforta Carrefour Soft 15 ml.,"4,25 €","28,33 €/100ml",https://www.carrefour.es/supermercado/stick-de-arnica-suaviza-y-reconforta-carrefour-soft-15-ml/R-VC4AECOMM-496740/p
Parafarmacia,Tinte Classic 4N Castaño Farmatint 1 ud.,"8,30 €","8,30 €/ud",https://www.carrefour.es/supermercado/tinte-classic-4n-castano-farmatint-1-ud-farmatint/R-590507692/p
Parafarmacia,Tinte Classic 5D Castaño Claro Dorado Farmatint 1 ud.,"8,30 €","8,30 €/ud",https://www.carrefour.es/supermercado/tinte-classic-5d-castano-claro-dorado-farmatint-1-ud-farmatint/R-590507700/p
Parafarmacia,Colutorio especial ortodoncia fresa Lacer 500 ml.,"7,75 €","1,55 €/100ml",https://www.carrefour.es/supermercado/colutorio-especial-ortodoncia-fresa-lacer-500-ml-lacer/R-590507986/p
Parafarmacia,Cepillo dental ortodoncia Lacer 1 ud.,"3,75 €","3,75 €/ud",https://www.carrefour.es/supermercado/cepillo-dental-ortodoncia-lacer-1-ud-lacer/R-590507998/p
Parafarmacia,Loción hidratante corporal para piel seca Ureadin 10 1000 ml.,"28,75 €","2,87 €/100ml",https://www.carrefour.es/supermercado/locion-hidratante-corporal-para-piel-seca-ureadin-10-1000-ml-ureadin-10/R-590508504/p
Parafarmacia,Dentífrico Tratamiento Periodontal Perio-Aid 100 ml.,"8,65 €","11,53 €/100ml",https://www.carrefour.es/supermercado/dentifrico-tratamiento-periodontal-perio-aid-100-ml-perio-aid/R-590508790/p
Parafarmacia,Colutorio par el mal aliento Halita 500 ml.,"12,95 €","2,59 €/100ml",https://www.carrefour.es/supermercado/colutorio-par-el-mal-aliento-halita-500-ml-halita/R-590508800/p
Parafarmacia,Crema de manos sweet mango Just shine Ninette 30 ml.,"1,07 €","3,57 €/100ml",https://www.carrefour.es/supermercado/crema-de-manos-sweet-mango-just-shine-ninette-30-ml/R-VC4AECOMM-583781/p
Parafarmacia,Higiene íntima Vagisil 200 ml.,"6,55 €","2,62 €/100ml",https://www.carrefour.es/supermercado/higiene-intima-vagisil-200-ml-vagisil/R-687013615/p
Parafarmacia,Duplo comfort balm hidratación cara y cuerpo Neutrogena 600 ml.,"14,80 €","2,47 €/100ml",https://www.carrefour.es/supermercado/duplo-comfort-balm-hidratacion-cara-y-cuerpo-neutrogena-600-ml-neutrogena/R-730287275/p
Parafarmacia,Solución multiusos para lentillas Solupharm de 2 unidades de 500 ml.,"12,80 €","1,28 €/100ml",https://www.carrefour.es/supermercado/solucion-multiusos-para-lentillas-solupharm-de-2-unidades-de-500-ml-solupharm/R-732215653/p
Parafarmacia,Gel Multidermol 750 ml.,"7,10 €","0,95 €/100ml",https://www.carrefour.es/supermercado/gel-multidermol-750-ml-multidermol/R-619501576/p
Parafarmacia,"Preparado de pera, plátano, naranja y galleta desde 6 meses Fruta & Go Nutriben bolsita de 90 gr","1,27 €","14,11 €/kg",https://www.carrefour.es/supermercado/preparado-de-pera-platano-naranja-y-galleta-desde-6-meses-fruta-go-nutriben-bolsita-de-90-gr-nutriben/R-prod550090/p
Parafarmacia,Crema visibly clear spot proofing hidratante oil-free elimina los granos Clear Defend Technology Neutrogena 50 ml.,"16,05 €","32,10 €/100ml",https://www.carrefour.es/supermercado/crema-visibly-clear-spot-proofing-hidratante-oil-free-elimina-los-granos-clear-defend-technology-neutrogena-50-ml-neutrogena/R-prod550182/p
Parafarmacia,Complemento alimenticio de colágeno y ácido hialurónico Sanon 30 cápsulas.,"4,85 €","28,53 €/100g",https://www.carrefour.es/supermercado/complemento-alimenticio-de-colageno-y-acido-hialuronico-sanon-30-capsulas-sanon/R-790212505/p
Parafarmacia,Infusión instantánea para ayuda al descanso Almirón Digest 200 g.,"6,90 €","34,50 €/kg",https://www.carrefour.es/supermercado/infusion-instantanea-para-ayuda-al-descanso-almiron-digest-200-g-almiron/R-590511066/p
Parafarmacia,Champú sólido 2 en 1 Ecológico Nutrición Dr. Tree 75 gr.,"10,45 €","13,93 €/100g",https://www.carrefour.es/supermercado/champu-solido-2-en-1-ecologico-nutricion-dr-tree-75-gr/R-VC4AECOMM-550821/p
Parafarmacia,Crema hidratante mate Factor de Crecimiento Epitelial Farma Dorsch 50 ml.,"26,10 €","52,20 €/100ml",https://www.carrefour.es/supermercado/crema-hidratante-mate-factor-de-crecimiento-epitelial-farma-dorsch-50-ml-farma-dorsch/R-736424825/p
Parafarmacia,Leche infantl antiregurgitación desde el primer día Blemil Plus 800 g.,"24,45 €","30,56 €/kg",https://www.carrefour.es/supermercado/leche-infantl-antiregurgitacion-desde-el-primer-dia-blemil-plus-800-g-blemil-plus/R-818300725/p
Parafarmacia,Leche infantil de crecimiento desde 2 años en polvo Almirón Advance 4 800 g.,"14,20 €","17,75 €/kg",https://www.carrefour.es/supermercado/leche-infantil-de-crecimiento-desde-2-anos-en-polvo-almiron-advance-4-800-g-almiron/R-713315938/p
Parafarmacia,Tetina de flujo rápido desde 6 meses Avent 2 ud.,"5,10 €","2,55 €/ud",https://www.carrefour.es/supermercado/tetina-de-flujo-rapido-desde-6-meses-avent-2-ud-avent/R-590508216/p
Parafarmacia,Complemento alimenticio con triptófano Triptomax sin gluten y sin lactosa 30 comprimidos.,"13,20 €","66,67 €/100g",https://www.carrefour.es/supermercado/complemento-alimenticio-con-triptofano-triptomax-sin-gluten-y-sin-lactosa-30-comprimidos-triptomax/R-819114950/p
Parafarmacia,Crema protectora Natusan 75 ml.,"6,80 €","9,07 €/100ml",https://www.carrefour.es/supermercado/crema-protectora-natusan-75-ml-natusan/R-852100370/p
Parafarmacia,Chupete de silicona desde 12 meses rosa Phisyio Soft Chicco 2 ud.,"6,50 €","3,25 €/ud",https://www.carrefour.es/supermercado/chupete-de-silicona-desde-12-meses-rosa-phisyio-soft-chicco-2-ud-chicco/R-prod81266/p
Parafarmacia,Cadenita sujeta chupetes Nuk 1 ud.,"4,90 €","4,90 €/ud",https://www.carrefour.es/supermercado/cadenita-sujeta-chupetes-nuk-1-ud-nuk/R-590510482/p
Parafarmacia,Jarabe Drena-T con alcachofa y diente de león Sanon 250 ml.,"7,00 €","2,80 €/100ml",https://www.carrefour.es/supermercado/jarabe-drena-t-con-alcachofa-y-diente-de-leon-sanon-250-ml-sanon/R-790114439/p
Parafarmacia,Complemento colágeno + magnesio Artinova Aquilea 375 g.,"20,45 €","5,45 €/100g",https://www.carrefour.es/supermercado/complemento-colageno-magnesio-artinova-aquilea-375-g-aquilea/R-819114986/p
Parafarmacia,Enrelax Forte Aquilea 30 comprimidos.,"10,75 €","35,83 €/100g",https://www.carrefour.es/supermercado/enrelax-forte-aquilea-30-comprimidos-aquilea/R-819114994/p
Parafarmacia,Cepillo encías & dientes Parodontax 1 ud.,"4,15 €","4,15 €/ud",https://www.carrefour.es/supermercado/cepillo-encias-dientes-parodontax-1-ud-parodontax/R-fprod1200293/p
Parafarmacia,Tetina de látex anti-cólico flujo medio desde 6 meses Suavinex 2 ud.,"5,95 €","2,97 €/ud",https://www.carrefour.es/supermercado/tetina-de-latex-anti-colico-flujo-medio-desde-6-meses-suavinex-2-ud-suavinex/R-574801588/p
Parafarmacia,Tetina de látex anti-cólico 3 posiciones desde 0 meses Suavinex 2 ud.,"5,95 €","2,97 €/ud",https://www.carrefour.es/supermercado/tetina-de-latex-anti-colico-3-posiciones-desde-0-meses-suavinex-2-ud-suavinex/R-574801592/p
Parafarmacia,Tiras adhesivas para articulaciones ideal para codos y rodillas Carrefour 10 ud.,"1,06 €","0,11 €/ud",https://www.carrefour.es/supermercado/tiras-adhesivas-para-articulaciones-ideal-para-codos-y-rodillas-carrefour-10-ud/R-fprod1280583/p
Parafarmacia,Mascarilla facial de aloe vera ecológica Chobs 25 ml.,"4,20 €","16,80 €/100ml",https://www.carrefour.es/supermercado/mascarilla-facial-de-aloe-vera-ecologica-chobs-25-ml/R-VC4AECOMM-490611/p
Parafarmacia,Loción hidratante limpiadora desde el nacimiento Mustela 500 ml.,"12,40 €","2,48 €/100ml",https://www.carrefour.es/supermercado/locion-hidratante-limpiadora-desde-el-nacimiento-mustela-500-ml-mustela/R-590507884/p
Parafarmacia,Crema de manos con aceite de albaricoque Nectar of Beauty Les Comestiques 100 ml.,"2,10 €","2,10 €/100ml",https://www.carrefour.es/supermercado/crema-de-manos-con-aceite-de-albaricoque-nectar-of-beauty-les-comestiques-100-ml/R-VC4AECOMM-599318/p
Parafarmacia,Complemento Alimenticio desde 12 meses sabor fresa Pediasure 850 g.,"22,20 €","26,12 €/kg",https://www.carrefour.es/supermercado/complemento-alimenticio-desde-12-meses-sabor-fresa-pediasure-850-g-pediasure/R-735888946/p
Parafarmacia,Complemento Alimenticio desde 12 meses sabor vainilla Pediasure 850gr,"22,20 €","26,12 €/kg",https://www.carrefour.es/supermercado/complemento-alimenticio-desde-12-meses-sabor-vainilla-pediasure-850gr-pediasure/R-736814094/p
Parafarmacia,Dentífrico sabor menta especial ortodoncia Lacer 75 ml.,"5,40 €","7,20 €/100ml",https://www.carrefour.es/supermercado/dentifrico-sabor-menta-especial-ortodoncia-lacer-75-ml-lacer/R-prod71598/p
Parafarmacia,Complemento multivitamínico y multimineral Select 50+ Multicentrum 90 comprimidos.,"24,60 €","21,21 €/100g",https://www.carrefour.es/supermercado/complemento-multivitaminico-y-multimineral-select-50-multicentrum-90-comprimidos-multicentrum/R-791635059/p
Parafarmacia,Complemento alimenticio de vainilla NutriVigor Ensure 850 g.,"7,65 €","3,02 €/100g",https://www.carrefour.es/supermercado/complemento-alimenticio-de-vainilla-nutrivigor-ensure-850-g-ensure/R-819114984/p
Parafarmacia,"Champú al huevo para cabellos débiles, frágiles y secos Kamel 500 ml.","7,65 €","1,53 €/100ml",https://www.carrefour.es/supermercado/champu-al-huevo-para-cabellos-debiles-fragiles-y-secos-kamel-500-ml-kamel/R-835367377/p
Parafarmacia,Complemento colágeno natural classic en polvo Colnatur 300 g.,"15,65 €","5,22 €/100g",https://www.carrefour.es/supermercado/complemento-colageno-natural-classic-en-polvo-colnatur-300-g-colnatur/R-prod890096/p
Parafarmacia,Bálsamo relipidizante La Roche-Posay 400 ml,"20,00 €","5,00 €/100ml",https://www.carrefour.es/supermercado/balsamo-relipidizante-la-roche-posay-400-ml-la-roche-posay/R-677901995/p
Parafarmacia,Contorno de ojos Redermic C La Roche-Posay 1 ud.,"24,00 €","24,00 €/ud",https://www.carrefour.es/supermercado/contorno-de-ojos-redermic-c-la-roche-posay-1-ud-la-roche-posay/R-681101683/p
Parafarmacia,Multivitamínico y multimineral para mujer Multicentrum 30 comprimidos.,"11,10 €","23,62 €/100g",https://www.carrefour.es/supermercado/multivitaminico-y-multimineral-para-mujer-multicentrum-30-comprimidos-multicentrum/R-697806842/p
Parafarmacia,Tónico perfeccionador Roc 200 ml.,"11,75 €","5,87 €/100ml",https://www.carrefour.es/supermercado/tonico-perfeccionador-roc-200-ml-roc/R-590503590/p
Parafarmacia,Complemento alimenticio de chocolate Pediasure Drink pack de 4 unidades de 200 ml.,"7,65 €","9,56 €/l",https://www.carrefour.es/supermercado/complemento-alimenticio-de-chocolate-pediasure-drink-pack-de-4-unidades-de-200-ml-pediasure/R-fprod1190059/p
Parafarmacia,Tiras adhesivas Aqua Block Salvelox 12 ud.,"2,60 €","0,22 €/ud",https://www.carrefour.es/supermercado/tiras-adhesivas-aqua-block-salvelox-12-ud-salvelox/R-590504140/p
Parafarmacia,Crema Adhesiva Efecto Sellado Kukident 40 g.,"7,40 €","18,50 €/100g",https://www.carrefour.es/supermercado/crema-adhesiva-efecto-sellado-kukident-40-g-kukident/R-590505126/p
Parafarmacia,Gel intenso lipoescultor Nocturslim E'lifexir 200 ml.,"13,90 €","6,95 €/100ml",https://www.carrefour.es/supermercado/gel-intenso-lipoescultor-nocturslim-elifexir-200-ml-elifexir/R-prod231348/p
Parafarmacia,Quema grasas en comprimidos Juvamine sin gluten y sin lactosa 120 ud.,"15,55 €","36,16 €/100g",https://www.carrefour.es/supermercado/quema-grasas-en-comprimidos-juvamine-sin-gluten-y-sin-lactosa-120-ud/R-fprod1230246/p
Parafarmacia,Crema corporal hidratante Ultra-Reafirmante + Farma Dorsch 400 ml.,"28,00 €","7,00 €/100ml",https://www.carrefour.es/supermercado/crema-corporal-hidratante-ultra-reafirmante-farma-dorsch-400-ml--farma-dorsch/R-655502212/p
Parafarmacia,Crema Rosaliac UV rica hidratante anti-rojeces La Roche-Posay 1 ud.,"20,05 €","50,12 €/100ml",https://www.carrefour.es/supermercado/crema-rosaliac-uv-rica-hidratante-anti-rojeces-la-roche-posay-1-ud-la-roche-posay/R-583401613/p
Parafarmacia,Gel vientre plano E'lifexir 200 ml.,"9,25 €","4,62 €/100ml",https://www.carrefour.es/supermercado/gel-vientre-plano-elifexir-200-ml-elifexir/R-668202109/p
Parafarmacia,Colutorio sin alcohol sabor lima fresca Vitis 500 ml.,"7,75 €","1,55 €/100ml",https://www.carrefour.es/supermercado/colutorio-sin-alcohol-sabor-lima-fresca-vitis-500-ml-vitis/R-prod64471/p
Parafarmacia,Alcachofa comprimidos Sanon 200 ud.,"9,70 €","12,12 €/100g",https://www.carrefour.es/supermercado/alcachofa-comprimidos-sanon-200-ud-sanon/R-595501947/p
Parafarmacia,Emulsión sin jabón con aceite de oliva Sebamed 1 l.,"18,00 €","1,80 €/100ml",https://www.carrefour.es/supermercado/emulsion-sin-jabon-con-aceite-de-oliva-sebamed-1-l-sebamed/R-607402113/p
Parafarmacia,Bálsamo Tiger Balm 19 g.,"9,05 €","9,05 €/ud",https://www.carrefour.es/supermercado/balsamo-tiger-balm-19-g-tiger-balm/R-605801591/p
Parafarmacia,Biberón con asas y boquilla antiderrame desde 6 meses Suavinex 150 ml.,"9,05 €","9,05 €/ud",https://www.carrefour.es/supermercado/biberon-con-asas-y-boquilla-antiderrame-desde-6-meses-suavinex-150-ml-suavinex/R-613402345/p
Parafarmacia,Crema de manos en gel Neutrogena 75 ml.,"7,55 €","10,07 €/100ml",https://www.carrefour.es/supermercado/crema-de-manos-en-gel-neutrogena-75-ml-neutrogena/R-prod860053/p
Parafarmacia,Gel íntimo pediátrico Lactacyd 200 ml.,"10,20 €","5,10 €/100ml",https://www.carrefour.es/supermercado/gel-intimo-pediatrico-lactacyd-200-ml-lactacyd/R-prod860089/p
Parafarmacia,Solución micelar para piel sensible La Roche-Posay 400 ml.,"13,50 €","3,37 €/100ml",https://www.carrefour.es/supermercado/solucion-micelar-para-piel-sensible-la-roche-posay-400-ml-la-roche-posay/R-609302278/p
Parafarmacia,Bálsamo para pieles atópicas con manteca de Karité Atopi Control Eucerín 400 ml.,"19,65 €","4,91 €/100ml",https://www.carrefour.es/supermercado/balsamo-para-pieles-atopicas-con-manteca-de-karite-atopi-control-eucerin-400-ml/R-VC4AECOMM-420263/p
Parafarmacia,Crema Volume Filler contorno ojos Eucerin 15 ml.,"21,30 €","142,00 €/100ml",https://www.carrefour.es/supermercado/crema-volume-filler-contorno-ojos-eucerin-15-ml-eucerin/R-709601843/p
Parafarmacia,Conos auriculares Farmamed 2 ud.,"4,15 €","4,15 €/ud",https://www.carrefour.es/supermercado/conos-auriculares-farmamed-2-ud/R-VC4AECOMM-474414/p
Parafarmacia,Tinte Classic 6N Rubio Oscuro Farmatint 1 ud.,"8,30 €","8,30 €/ud",https://www.carrefour.es/supermercado/tinte-classic-6n-rubio-oscuro-farmatint-1-ud-farmatint/R-590507698/p
Parafarmacia,Tinte Classic 6D Rubio Oscuro Dorado Farmatint 1 ud.,"8,30 €","8,30 €/ud",https://www.carrefour.es/supermercado/tinte-classic-6d-rubio-oscuro-dorado-farmatint-1-ud-farmatint/R-590507702/p
Parafarmacia,Gel bioadhesivo clorhexidina tratamiento gingivitis Lacer 50 ml.,"6,30 €","12,60 €/100ml",https://www.carrefour.es/supermercado/gel-bioadhesivo-clorhexidina-tratamiento-gingivitis-lacer-50-ml-lacer/R-590507962/p
Parafarmacia,Gel Derma Lactacyd 1 l.,"8,15 €","0,82 €/100ml",https://www.carrefour.es/supermercado/gel-derma-lactacyd-1-l-lactacyd/R-590508518/p
Parafarmacia,Papilla 5 Cereales desde 6 meses sin azúcar añadido Nutribén 600 gr.,"4,45 €","7,42 €/kg",https://www.carrefour.es/supermercado/papilla-5-cereales-desde-6-meses-sin-azucar-anadido-nutriben-600-gr-nutriben/R-590508546/p
Parafarmacia,Crema facial tratamiento intensivo piel seca Nutrilogie 2 Vichy 50 ml.,"20,55 €","41,10 €/100ml",https://www.carrefour.es/supermercado/crema-facial-tratamiento-intensivo-piel-seca-nutrilogie-2-vichy-50-ml-nutrilogie-2-vichy/R-590508644/p
Parafarmacia,Colutorio diario acción blanqueadora de menta con flúor Lacer Blanc 500 ml.,"7,25 €","1,45 €/100ml",https://www.carrefour.es/supermercado/colutorio-diario-accion-blanqueadora-de-menta-con-fluor-lacer-blanc-500-ml/R-VC4AECOMM-603402/p
Parafarmacia,Spray pies Devor-Olor 150 ml.,"7,45 €","5,96 €/100ml",https://www.carrefour.es/supermercado/spray-pies-devor-olor-150-ml-devor-olor/R-671801813/p
Parafarmacia,Dermojabón neutro hipoalérgico Grisi 100 g.,"3,80 €","3,80 €/100g",https://www.carrefour.es/supermercado/dermojabon-neutro-hipoalergico-grisi-100-g-grisi/R-590509912/p
Parafarmacia,Lecitina de soja Phytofarma 450 g.,"8,75 €","1,94 €/100g",https://www.carrefour.es/supermercado/lecitina-de-soja-phytofarma-450-g-phytofarma/R-607403433/p
Parafarmacia,Crema antiestrías Suavinex 400 ml.,"20,50 €","5,12 €/100ml",https://www.carrefour.es/supermercado/crema-antiestrias-suavinex-400-ml-suavinex/R-618801977/p
Parafarmacia,Crema intensive para piel atópica con sequedad severa Leti Laboratorios 100 ml.,"19,70 €","19,70 €/100ml",https://www.carrefour.es/supermercado/crema-intensive-para-piel-atopica-con-sequedad-severa-leti-laboratorios-100-ml-leti-laboratorios/R-787641413/p
Parafarmacia,Crema hidratante de agua termal La Roche-Posay 40 ml.,"15,65 €","39,12 €/100ml",https://www.carrefour.es/supermercado/crema-hidratante-de-agua-termal-la-roche-posay-40-ml-la-roche-posay/R-590511286/p
Parafarmacia,Fluido calmante intenso rostro y ojos La Roche-Posay 40 ml.,"18,85 €","47,12 €/100ml",https://www.carrefour.es/supermercado/fluido-calmante-intenso-rostro-y-ojos-la-roche-posay-40-ml-la-roche-posay/R-764323783/p
Parafarmacia,Crema adhesiva premium para dentaduras postizas Kukident 1 ud.,"7,40 €","7,40 €/ud",https://www.carrefour.es/supermercado/crema-adhesiva-premium-para-dentaduras-postizas-kukident-1-ud-kukident/R-765009889/p
Parafarmacia,Crema para proteger la zona del pañal Leti AT4 75 g.,"8,50 €","11,33 €/100g",https://www.carrefour.es/supermercado/crema-para-proteger-la-zona-del-panal-leti-at4-75-g-leti-laboratorios/R-787575576/p
Parafarmacia,Chupete tetina de látex fisiológica azul 2-4 meses Suavinex 1 ud.,"3,80 €","3,80 €/ud",https://www.carrefour.es/supermercado/chupete-tetina-de-latex-fisiologica-azul-2-4-meses-suavinex-1-ud-suavinex/R-590511908/p
Parafarmacia,Barritas sustitutive chocolate negro y naranja Bimanán 8 ud.,"12,05 €","3,77 €/100g",https://www.carrefour.es/supermercado/barritas-sustitutive-chocolate-negro-y-naranja-bimanan-8-ud-bimanan/R-590512040/p
Parafarmacia,Cepillo dental con cabezal específico para ortodoncias Vitis 1 ud.,"4,85 €","4,85 €/ud",https://www.carrefour.es/supermercado/cepillo-dental-con-cabezal-especifico-para-ortodoncias-vitis-1-ud-vitis/R-590512300/p
Parafarmacia,Garcinia cambogia Sanon 30 comprimidos.,"6,30 €","35,00 €/100g",https://www.carrefour.es/supermercado/garcinia-cambogia-sanon-30-comprimidos-sanon/R-790212511/p
Parafarmacia,Multivitaminas Adulto Forté Pharma - Energy 84 comprimidos.,"16,60 €","16,12 €/100g",https://www.carrefour.es/supermercado/multivitaminas-adulto-forte-pharma-energy-84-comprimidos-forte-pharma-energy/R-791635025/p
Parafarmacia,Pomada reparadora Aquaphor Eucerin 99 g.,"15,65 €","15,81 €/100g",https://www.carrefour.es/supermercado/pomada-reparadora-aquaphor-eucerin-99-g-eucerin/R-805066324/p
Parafarmacia,Crema Neovadiol complejo sustitutivo Vichy 50 ml.,"32,75 €","65,50 €/100ml",https://www.carrefour.es/supermercado/crema-neovadiol-complejo-sustitutivo-vichy-50-ml-vichy/R-814300847/p
Parafarmacia,Desodorante roll-on 0% aluminio Eucerin 50 ml.,"7,15 €","14,30 €/100ml",https://www.carrefour.es/supermercado/desodorante-roll-on-0-aluminio-eucerin-50-ml-eucerin/R-prod780590/p
Parafarmacia,Triptófano con magnesio + vitamina B6 comprimidos Ana María Lajusticia 60 ud.,"13,05 €","18,64 €/100g",https://www.carrefour.es/supermercado/triptofano-con-magnesio-vitamina-b6-comprimidos-ana-maria-lajusticia-60-ud/R-prod780694/p
Parafarmacia,Infusión instantánea para aliviar gases Almirón Digest 200 g.,"6,90 €","34,50 €/kg",https://www.carrefour.es/supermercado/infusion-instantanea-para-aliviar-gases-almiron-digest-200-g-almiron/R-590511064/p
Parafarmacia,Colirio para ojos secos hidrata y lubrica Optrex 10 ml.,"9,65 €","96,50 €/100ml",https://www.carrefour.es/supermercado/colirio-para-ojos-secos-hidrata-y-lubrica-optrex-10-ml-optrex/R-prod920350/p
Parafarmacia,Spray para el cuidado de fosas nasales Rhinomer Intense Eucaliptus 20 ml,"7,40 €","37,00 €/100ml",https://www.carrefour.es/supermercado/spray-para-el-cuidado-de-fosas-nasales-rhinomer-intense-eucaliptus-20-ml-rhinomer/R-642402392/p
Parafarmacia,Crema contorno de ojos C-VIT Sesderma 15 ml.,"20,70 €","138,00 €/100ml",https://www.carrefour.es/supermercado/crema-contorno-de-ojos-c-vit-sesderma-15-ml-sesderma/R-836507159/p
Parafarmacia,Aspirador nasal Rihnomer Narhinel Confort 1 ud.,"12,95 €","12,95 €/ud",https://www.carrefour.es/supermercado/aspirador-nasal-rihnomer-narhinel-confort-1-ud-rhinomer/R-590504090/p
Parafarmacia,Apósitos Maxi corver XXL Salvelox 5 ud.,"6,35 €","1,27 €/ud",https://www.carrefour.es/supermercado/apositos-maxi-corver-xxl-salvelox-5-ud-salvelox/R-prod180063/p
Parafarmacia,Serum colágeno textura ligera Xensium 30 ml.,"7,50 €","25,00 €/100ml",https://www.carrefour.es/supermercado/serum-colageno-textura-ligera-xensium-30-ml-xensium/R-prod62581/p
Parafarmacia,Mascarilla facial de noche en crema Neutrogena 50 ml.,"20,60 €","41,20 €/100ml",https://www.carrefour.es/supermercado/mascarilla-facial-de-noche-en-crema-neutrogena-50-ml-neutrogena/R-fprod1190030/p
Parafarmacia,Leche infantil de inicio para lactantes Blemil Plus Forte 1 lata 800 g.,"20,45 €","25,56 €/kg",https://www.carrefour.es/supermercado/leche-infantil-de-inicio-para-lactantes-blemil-plus-forte-1-lata-800-g-blemil-plus/R-657701727/p
Parafarmacia,Apósitos ampollas pequeñas Compeed 6 ud.,"6,90 €","1,15 €/ud",https://www.carrefour.es/supermercado/apositos-ampollas-pequenas-compeed-6-ud-compeed/R-590507792/p
Parafarmacia,Perlas balsámicas sabor clásico Juanola 25 g.,"1,51 €","6,04 €/100g",https://www.carrefour.es/supermercado/perlas-balsamicas-sabor-clasico-juanola-25-g-juanola/R-prod251065/p
Parafarmacia,Perlas balsámicas de fresa mentolada Juanola 25 g.,"1,51 €","6,04 €/100g",https://www.carrefour.es/supermercado/perlas-balsamicas-de-fresa-mentolada-juanola-25-g-juanola/R-590508238/p
Parafarmacia,Vitamina B12 Sanon 120 ud.,"9,40 €","1,88 €/100g",https://www.carrefour.es/supermercado/vitamina-b12-sanon-120-ud/R-VC4AECOMM-563642/p
Parafarmacia,Mascarilla desechable infantil militar Trendy Camo 3 ud.,"3,70 €","1,23 €/ud",https://www.carrefour.es/supermercado/mascarilla-desechable-infantil-militar-trendy-camo-3-ud/R-VC4AECOMM-573505/p
Parafarmacia,Crema de manos nutritiva karite ecológica para piel seca Carrefour,"2,10 €","2,80 €/100ml",https://www.carrefour.es/supermercado/crema-de-manos-nutritiva-karite-ecologica-para-piel-seca-carrefour/R-VC4AECOMM-598816/p
Parafarmacia,Chupete de silicona fisiológico desde 4 meses Suavinex 1 ud.,"4,15 €","4,15 €/ud",https://www.carrefour.es/supermercado/chupete-de-silicona-fisiologico-desde-4-meses-suavinex-1-ud-suavinex/R-prod72945/p
Parafarmacia,Complemento alimenticio con proteína y vitaminas de vainilla Ensure 400 g.,"14,00 €","35,00 €/kg",https://www.carrefour.es/supermercado/complemento-alimenticio-con-proteina-y-vitaminas-de-vainilla-ensure-400-g-ensure/R-764905783/p
Parafarmacia,Tetina de látex flujo denso desde 4 meses Suavinex 2 ud.,"5,95 €","2,97 €/ud",https://www.carrefour.es/supermercado/tetina-de-latex-flujo-denso-desde-4-meses-suavinex-2-ud-suavinex/R-590511892/p
Parafarmacia,Aceite para el cuidado de la piel Bio-Oil 125 ml.,"16,65 €","13,32 €/100ml",https://www.carrefour.es/supermercado/aceite-para-el-cuidado-de-la-piel-bio-oil-125-ml-bio-oil/R-799397962/p
Parafarmacia,Gel dermatológico Genocután Genové 500 ml.,"4,45 €","0,89 €/100ml",https://www.carrefour.es/supermercado/gel-dermatologico-genocutan-genove-500-ml-genove/R-819255840/p
Parafarmacia,Crema Toleriane Ultra noche para rostro y ojos La Roche-Posay 40 ml.,"19,60 €","49,00 €/100ml",https://www.carrefour.es/supermercado/crema-toleriane-ultra-noche-para-rostro-y-ojos-la-roche-posay-40-ml-la-roche-posay/R-prod68114/p
Parafarmacia,Protector labial Moisture Plus de melocotón Carmex 1 ud.,"5,40 €","5,40 €/ud",https://www.carrefour.es/supermercado/protector-labial-moisture-plus-de-melocoton-carmex-1-ud-carmex/R-686502045/p
Parafarmacia,Cepillo dental suave Lacer 2 ud.,"6,50 €","3,25 €/ud",https://www.carrefour.es/supermercado/cepillo-dental-suave-lacer-2-ud-lacer/R-prod1140079/p
Parafarmacia,Valeriana clásica Kneipp 60 comprimidos.,"8,80 €","30,34 €/100g",https://www.carrefour.es/supermercado/valeriana-clasica-kneipp-60-comprimidos-kneipp/R-653701990/p
Parafarmacia,Crema color permanente Colour Clinuance 3.0 Castaño Oscuro Clearé Institute 1 ud.,"5,85 €","5,85 €/ud",https://www.carrefour.es/supermercado/crema-color-permanente-colour-clinuance-30-castano-oscuro-cleare-institute-1-ud-cleare-institute/R-prod170087/p
Parafarmacia,Crema color permanente Colour Clinuance 6.3 Rubio Oscuro Dorado Clearé Institute 1 ud.,"5,85 €","5,85 €/ud",https://www.carrefour.es/supermercado/crema-color-permanente-colour-clinuance-63-rubio-oscuro-dorado-cleare-institute-1-ud-cleare-institute/R-prod170355/p
Parafarmacia,Serum antimanchas Eucerín 30 ml.,"35,65 €","1.188,33 €/100ml",https://www.carrefour.es/supermercado/serum-antimanchas-eucerin-30-ml/R-fprod1220255/p
Parafarmacia,Tiras nasales Rinhomer by Breathe Right 30 ud.,"21,60 €","0,72 €/ud",https://www.carrefour.es/supermercado/tiras-nasales-rinhomer-by-breathe-right-30-ud-breathe-right/R-664007092/p
Parafarmacia,Barritas de chocolate intenso Bimanán 8 ud.,"12,05 €","3,77 €/100g",https://www.carrefour.es/supermercado/barritas-de-chocolate-intenso-bimanan-8-ud-bimanan/R-700809060/p
Parafarmacia,Champú anti-caída Go Organic + Farma Dorsch 500 ml.,"38,75 €","7,75 €/100ml",https://www.carrefour.es/supermercado/champu-anti-caida-go-organic-farma-dorsch-500-ml/R-fprod1320041/p
Parafarmacia,Gel antiacné Stop Akneik + Farma Dorsch 50 ml.,"19,00 €","38,00 €/100ml",https://www.carrefour.es/supermercado/gel-antiacne-stop-akneik-farma-dorsch-50-ml--farma-dorsch/R-687013554/p
Parafarmacia,Exfoliante para rostro todo tipo de pieles Mille Fleurs 75 ml.,"15,05 €","20,07 €/100ml",https://www.carrefour.es/supermercado/exfoliante-para-rostro-todo-tipo-de-pieles-mille-fleurs-75-ml/R-fprod1470287/p
Parafarmacia,Espuma limpiadora facial para todo tipo de pieles 1902 Mille Fleurs 150 g.,"13,00 €","8,67 €/100ml",https://www.carrefour.es/supermercado/espuma-limpiadora-facial-para-todo-tipo-de-pieles-1902-mille-fleurs-150-g/R-fprod1470183/p
Parafarmacia,Tinte Classic 7D Rubio Dorado Farmatint 1 ud.,"8,30 €","8,30 €/ud",https://www.carrefour.es/supermercado/tinte-classic-7d-rubio-dorado-farmatint-1-ud-farmatint/R-590507704/p
Parafarmacia,Apósitos ampollas medianas Compeed 5 ud.,"6,90 €","1,38 €/ud",https://www.carrefour.es/supermercado/apositos-ampollas-medianas-compeed-5-ud-compeed/R-590507794/p
Parafarmacia,Jalea real Inmuno+ Black Bee 200 ml,"17,70 €","8,85 €/100ml",https://www.carrefour.es/supermercado/jalea-real-inmuno-black-bee-200-ml/R-VC4AECOMM-543740/p
Parafarmacia,Caramelo Flores de saúco sin azúcares Ricola 50 g.,"2,40 €","4,80 €/100g",https://www.carrefour.es/supermercado/caramelo-flores-de-sauco-sin-azucares-ricola-50-g-ricola/R-590508082/p
Parafarmacia,Solución única RENU Multiplus Bausch + Lomb 360 ml.,"12,40 €","3,44 €/100ml",https://www.carrefour.es/supermercado/solucion-unica-renu-multiplus-bausch-lomb-360-ml-bausch-lomb/R-590508596/p
Parafarmacia,Cepillo dental ortodóntico Vitis 1 ud.,"4,85 €","4,85 €/ud",https://www.carrefour.es/supermercado/cepillo-dental-ortodontico-vitis-1-ud-vitis/R-590508778/p
Parafarmacia,Kit de viaje cepillo de dientes + dentífrico Phb 1 ud.,"4,60 €","4,60 €/ud",https://www.carrefour.es/supermercado/kit-de-viaje-cepillo-de-dientes-dentifrico-phb-1-ud-phb/R-620502780/p
Parafarmacia,Gel y champú para la higiene de la piel y cabellos delicados Pon-emo Colágeno 1000 ml.,"14,00 €","1,40 €/100ml",https://www.carrefour.es/supermercado/gel-y-champu-para-la-higiene-de-la-piel-y-cabellos-delicados-pon-emo-colageno-1000-ml-pon-emo-colageno/R-590508920/p
Parafarmacia,Apositos ampollas stick anti-friccion Compeed 1 ud.,"7,30 €","7,30 €/ud",https://www.carrefour.es/supermercado/apositos-ampollas-stick-anti-friccion-compeed-1-ud-compeed/R-590509204/p
Parafarmacia,Desodorante para pies Hidro Peusek 100 ml.,"5,90 €","5,90 €/100ml",https://www.carrefour.es/supermercado/desodorante-para-pies-hidro-peusek-100-ml-peusek/R-590509470/p
Parafarmacia,Agua termal La Roche-Posay 300 ml.,"12,65 €","4,22 €/100ml",https://www.carrefour.es/supermercado/agua-termal-la-roche-posay-300-ml-la-roche-posay/R-590509536/p
Parafarmacia,Champú complemento anticaída Dercos 200 ml.,"9,75 €","4,87 €/100ml",https://www.carrefour.es/supermercado/champu-complemento-anticaida-dercos-200-ml-dercos/R-590510406/p
Parafarmacia,Desodorante antitranspirante Perspirex 20 ml.,"15,10 €","75,50 €/100ml",https://www.carrefour.es/supermercado/desodorante-antitranspirante-perspirex-20-ml-perspirex/R-780047478/p
Parafarmacia,Cápsulas para el cabello y las uñas Pilexil Forte 100 comprimidos,"32,55 €","32,55 €/100g",https://www.carrefour.es/supermercado/capsulas-para-el-cabello-y-las-unas-pilexil-forte-100-comprimidos-pilexil-forte/R-780047508/p
Parafarmacia,Crema Adhesiva Neutro Kukident 47 g.,"7,40 €","15,74 €/100g",https://www.carrefour.es/supermercado/crema-adhesiva-neutro-kukident-47-g-kukident/R-590511458/p
Parafarmacia,Cápsulas para el cabello Pilexil 150 ud.,"30,00 €","20,00 €/100g",https://www.carrefour.es/supermercado/capsulas-para-el-cabello-pilexil-150-ud-pilexil/R-646502623/p
Parafarmacia,Colágeno Hidrolizado comprimidos Sanon 180 g.,"11,60 €","1,43 €/100g",https://www.carrefour.es/supermercado/colageno-hidrolizado-comprimidos-sanon-180-g-sanon/R-prod490050/p
Parafarmacia,Exfoliante Dermo Pure Eucerin 100 ml.,"15,10 €","15,10 €/100ml",https://www.carrefour.es/supermercado/exfoliante-dermo-pure-eucerin-100-ml-eucerin/R-prod490077/p
Parafarmacia,Limpiador diario visibly clear spot proofing Neutrogena 200 ml.,"14,55 €","7,27 €/100ml",https://www.carrefour.es/supermercado/limpiador-diario-visibly-clear-spot-proofing-neutrogena-200-ml-neutrogena/R-prod550183/p
Parafarmacia,Tiras adhesivas Princesas Hansaplast 20 ud.,"3,29 €","0,16 €/ud",https://www.carrefour.es/supermercado/tiras-adhesivas-princesas-hansaplast-20-ud-hansaplast/R-prod700484/p
Parafarmacia,Crema antiarrugas para piel normal y mixta Liftactiv Supreme 50 ml.,"29,45 €","58,90 €/100ml",https://www.carrefour.es/supermercado/crema-antiarrugas-para-piel-normal-y-mixta-liftactiv-supreme-50-ml-vichy/R-784529399/p
Parafarmacia,Ginseng con guaraná y vitamina C en comprimidos Juvamine sin lactosa 30 ud.,"6,45 €","0,21 €/ud",https://www.carrefour.es/supermercado/ginseng-con-guarana-y-vitamina-c-en-comprimidos-juvamine-sin-lactosa-30-ud-juvamine/R-785318208/p
Parafarmacia,Batido sustitutivo sabor fresa Bimanán 5 ud.,"11,70 €","3,55 €/100g",https://www.carrefour.es/supermercado/batido-sustitutivo-sabor-fresa-bimanan-5-ud-bimanan/R-791104592/p
Parafarmacia,Contorno de ojos Toleriane Ultra La Roche-Posay 20 ml.,"18,00 €","18,00 €/ud",https://www.carrefour.es/supermercado/contorno-de-ojos-toleriane-ultra-la-roche-posay-20-ml-la-roche-posay/R-805066308/p
Parafarmacia,Crema de noche antiarrugas y reafirmante Neovadiol Vichy 50 ml.,"26,45 €","52,90 €/100ml",https://www.carrefour.es/supermercado/crema-de-noche-antiarrugas-y-reafirmante-neovadiol-vichy-50-ml-vichy/R-821300600/p
Parafarmacia,Biberón con tetina anti-cólico 0-6 meses Nuk Disney 300 ml.,"8,05 €","8,05 €/ud",https://www.carrefour.es/supermercado/biberon-con-tetina-anti-colico-0-6-meses-nuk-disney-300-ml-nuk/R-590501902/p
Parafarmacia,Spray Elimina Piojos y Liendres Fullmarks 150 ml,"23,00 €","17,69 €/100ml",https://www.carrefour.es/supermercado/spray-elimina-piojos-y-liendres-fullmarks-150-ml-fullmarks/R-808943668/p
Parafarmacia,Loción hidratante dermatológica de uso diario Lutsine 500 ml.,"17,60 €","3,52 €/100ml",https://www.carrefour.es/supermercado/locion-hidratante-dermatologica-de-uso-diario-lutsine-500-ml-lutsine/R-764516497/p
Parafarmacia,Ampollas Proteoglicanos Vitamina C Xenisum pack de 10 unidades de 2 ml.,"12,10 €","60,50 €/100ml",https://www.carrefour.es/supermercado/ampollas-proteoglicanos-vitamina-c-xenisum-pack-de-10-unidades-de-2-ml-xenisum/R-fprod1230267/p
Parafarmacia,Leche infantil de crecimiento desde 12 meses Almirón Profutura 3 bote de 800 g.,"19,70 €","2,46 €/100g",https://www.carrefour.es/supermercado/leche-infantil-de-crecimiento-desde-12-meses-almiron-profutura-3-bote-de-800-g/R-VC4AECOMM-467192/p
Parafarmacia,Serum Liftactiv 10 Supreme Vichy 50 ml.,"41,25 €","82,50 €/100ml",https://www.carrefour.es/supermercado/serum-liftactiv-10-supreme-vichy-50-ml-vichy/R-836808305/p
Parafarmacia,Gel higiene íntima protección Lactacyd 250 ml.,"9,40 €","3,76 €/100ml",https://www.carrefour.es/supermercado/gel-higiene-intima-proteccion-lactacyd-250-ml-lactacyd/R-prod261162/p
Parafarmacia,Ginkgo biloba comprimidos Sanon 200 ud.,"9,35 €","9,35 €/100g",https://www.carrefour.es/supermercado/ginkgo-biloba-comprimidos-sanon-200-ud-sanon/R-595501979/p
Parafarmacia,Jabón de manos dermoprotector Ecológico Dr. Tree 300 ml.,"7,50 €","2,50 €/100ml",https://www.carrefour.es/supermercado/jabon-de-manos-dermoprotector-ecologico-dr-tree-300-ml/R-VC4AECOMM-423176/p
Parafarmacia,"Complemento alimenticio con jalea real, vitaminas y hierro Revital 20 ud.","17,35 €","8,67 €/100ml",https://www.carrefour.es/supermercado/complemento-alimenticio-con-jalea-real-vitaminas-y-hierro-revital-20-ud-revital/R-590508848/p
Parafarmacia,Repelente en spray piojos para niños Carrefour 125 ml.,"3,51 €","2,81 €/100ml",https://www.carrefour.es/supermercado/repelente-en-spray-piojos-para-ninos-carrefour-125-ml/R-VC4AECOMM-578384/p
Parafarmacia,Chupete de látex anatómico 0-6 meses Nuk 2 ud.,"5,25 €","2,62 €/ud",https://www.carrefour.es/supermercado/chupete-de-latex-anatomico-0-6-meses-nuk-2-ud-nuk/R-590509828/p
Parafarmacia,Champú redensificante Neogenic Vichy 200 ml.,"17,25 €","8,62 €/100ml",https://www.carrefour.es/supermercado/champu-redensificante-neogenic-vichy-200-ml-vichy/R-730287335/p
Parafarmacia,"Mochila de paseo bebe rosa Nenuco: Leche hidratante 200 ml, colonia 200 ml, champú extra suevo 200 ml y gel de baño 200 ml","11,60 €","11,60 €/ud",https://www.carrefour.es/supermercado/mochila-de-paseo-bebe-rosa-nenuco-leche-hidratante-200-ml-colonia-200-ml-champu-extra-suevo-200-ml-y-gel-de-bano-200-ml-nenuco/R-521002536/p
Parafarmacia,Biberón de vidrio con tetina inclinada de silicona desde 0 meses Natural Feeling Chicco 250 ml.,"10,25 €","10,25 €/ud",https://www.carrefour.es/supermercado/biberon-de-vidrio-con-tetina-inclinada-de-silicona-desde-0-meses-natural-feeling-chicco-250-ml-chicco/R-prod430091/p
Parafarmacia,Spirulina Phytofarma 300 comprimidos.,"9,65 €","6,43 €/100g",https://www.carrefour.es/supermercado/spirulina-phytofarma-300-comprimidos-phytofarma/R-prod490005/p
Parafarmacia,Complemento vitamínico colágeno Arkoflex 360 g.,"18,90 €","5,25 €/100g",https://www.carrefour.es/supermercado/complemento-vitaminico-colageno-arkoflex-360-g-arkoflex/R-819115108/p
Parafarmacia,Agua micelar Limpiador Hydro Boost Neutrogena 200 ml.,"10,90 €","5,45 €/100ml",https://www.carrefour.es/supermercado/agua-micelar-limpiador-hydro-boost-neutrogena-200-ml-neutrogena/R-prod70327/p
Parafarmacia,Loción corporal rosa mosqueta regeneradora Repavar Ferrer 500 ml.,"17,45 €","3,49 €/100ml",https://www.carrefour.es/supermercado/locion-corporal-rosa-mosqueta-regeneradora-repavar-ferrer-500-ml-ferrer/R-prod71374/p
Parafarmacia,Complemento alimenticio 50 Plus Pharmaton 60 comprimidos.,"17,75 €","7,10 €/100g",https://www.carrefour.es/supermercado/complemento-alimenticio-50-plus-pharmaton-60-comprimidos-pharmaton/R-prod231377/p
Parafarmacia,Pack de Dos Tetinas de Silicona con Corte en Y +9 Meses Dr. Brown’s,"5,60 €","2,80 €/ud",https://www.carrefour.es/supermercado/pack-de-dos-tetinas-de-silicona-con-corte-en-y-9-meses-dr-browns-dr-browns/R-699308856/p
Parafarmacia,Parches stop dolor Carrefour 5 ud.,"5,25 €","1,05 €/ud",https://www.carrefour.es/supermercado/parches-stop-dolor-carrefour-5-ud/R-VC4AECOMM-442328/p
Parafarmacia,Tinte Classic 7R Rubio Cobrizo Farmatint 1 ud.,"8,30 €","8,30 €/ud",https://www.carrefour.es/supermercado/tinte-classic-7r-rubio-cobrizo-farmatint-1-ud-farmatint/R-prod70893/p
Parafarmacia,Loción corporal de avena y Omega 3 Isdin 500 ml.,"18,90 €","3,78 €/100ml",https://www.carrefour.es/supermercado/locion-corporal-de-avena-y-omega-3-isdin-500-ml-isdin/R-590508556/p
Parafarmacia,Tetina de látex anticólico orificio medio Nuk 2 ud.,"5,65 €","2,82 €/ud",https://www.carrefour.es/supermercado/tetina-de-latex-anticolico-orificio-medio-nuk-2-ud-nuk/R-590509356/p
Parafarmacia,Agua termal pieles sensibles La Roche-Posay 150 ml.,"8,05 €","5,37 €/100ml",https://www.carrefour.es/supermercado/agua-termal-pieles-sensibles-la-roche-posay-150-ml-la-roche-posay/R-590509534/p
Parafarmacia,Complemento alimenticio Guaraná Sanon 72 g.,"4,35 €","4,44 €/100g",https://www.carrefour.es/supermercado/complemento-alimenticio-guarana-sanon-72-g-sanon/R-736814182/p
Parafarmacia,Aceite de rosa mosqueta Phytofarma 30 ml.,"11,35 €","37,83 €/100ml",https://www.carrefour.es/supermercado/aceite-de-rosa-mosqueta-phytofarma-30-ml-phytofarma/R-590511012/p
Parafarmacia,Crema Aquaporin Active SPF 25+ Eucerin 50 ml.,"19,20 €","38,40 €/100ml",https://www.carrefour.es/supermercado/crema-aquaporin-active-spf-25-eucerin-50-ml-eucerin/R-prod70113/p
Parafarmacia,Tetina de silicona flujo variable 3 posiciones desde 0 meses Suavinex 2 ud.,"6,20 €","3,10 €/ud",https://www.carrefour.es/supermercado/tetina-de-silicona-flujo-variable-3-posiciones-desde-0-meses-suavinex-2-ud-suavinex/R-819114944/p
Parafarmacia,Desodorante nature Dermactive roll-on Mussvital pack de 2 unidades de 75 ml.,"4,75 €","3,17 €/100ml",https://www.carrefour.es/supermercado/desodorante-nature-dermactive-roll-on-mussvital-pack-de-2-unidades-de-75-ml-mussvital/R-prod71585/p
Parafarmacia,Champú al extracto de avena cabellos normales uso frecuente Kamel 500 ml.,"7,65 €","1,53 €/100ml",https://www.carrefour.es/supermercado/champu-al-extracto-de-avena-cabellos-normales-uso-frecuente-kamel-500-ml-kamel/R-835367371/p
Parafarmacia,Champú y gel de Árbol de Té Saluvital 300 ml.,"7,10 €","2,37 €/100ml",https://www.carrefour.es/supermercado/champu-y-gel-de-arbol-de-te-saluvital-300-ml-saluvital/R-prod61720/p
Parafarmacia,Crema corporal Natural Sensation Chicco 500 ml.,"9,75 €","1,95 €/100ml",https://www.carrefour.es/supermercado/crema-corporal-natural-sensation-chicco-500-ml-chicco/R-prod69028/p
Parafarmacia,Biberón 240 ml de Boca Ancha Dr Brown,"10,25 €","10,25 €/ud",https://www.carrefour.es/supermercado/biberon-240-ml-de-boca-ancha-dr-brown-dr-browns/R-prod221154/p
Parafarmacia,Complemento alimenticio para el control de peso XLS Medical 180 ud.,"48,90 €","24,45 €/100g",https://www.carrefour.es/supermercado/complemento-alimenticio-para-el-control-de-peso-xls-medical-180-ud-xls-medical/R-prod960043/p
Parafarmacia,Loción corporal Atopic Piel Ferrer 500 ml.,"18,55 €","3,71 €/100ml",https://www.carrefour.es/supermercado/locion-corporal-atopic-piel-ferrer-500-ml-ferrer/R-679501715/p
Parafarmacia,Ampollas anticaída Pilexil Forte 15 ud.,"44,80 €","2,99 €/ud",https://www.carrefour.es/supermercado/ampollas-anticaida-pilexil-forte-15-ud-pilexil-forte/R-679901859/p
Parafarmacia,Crema antiarrugas para pieles sensibles Redermic C UV La Roche-Posay 40 ml.,"30,90 €","77,25 €/100ml",https://www.carrefour.es/supermercado/crema-antiarrugas-para-pieles-sensibles-redermic-c-uv-la-roche-posay-40-ml-la-roche-posay/R-681101677/p
Parafarmacia,Loción Complete Repair para piel seca Eucerin 400 ml.,"19,05 €","4,76 €/100ml",https://www.carrefour.es/supermercado/locion-complete-repair-para-piel-seca-eucerin-400-ml-eucerin/R-687502754/p
Parafarmacia,Contorno de ojos Liftactiv para piel sensible Vichy 15 ml.,"27,55 €","27,55 €/ud",https://www.carrefour.es/supermercado/contorno-de-ojos-liftactiv-para-piel-sensible-vichy-15-ml-vichy/R-692602650/p
Parafarmacia,Aceite de rosa mosqueta 100% natural Active Sensory 25 ml.,"15,55 €","62,20 €/100ml",https://www.carrefour.es/supermercado/aceite-de-rosa-mosqueta-100-natural-active-sensory-25-ml-active-sensory/R-prod1110020/p
Parafarmacia,Tónico agua de rosas antiedad Active Sensory 250 ml.,"7,30 €","2,92 €/100ml",https://www.carrefour.es/supermercado/tonico-agua-de-rosas-antiedad-active-sensory-250-ml-active-sensory/R-prod1110011/p
Parafarmacia,Crema reductora anticelulítica reafirmante Tyalocare 225 ml.,"10,45 €","4,64 €/100ml",https://www.carrefour.es/supermercado/crema-reductora-anticelulitica-reafirmante-tyalocare-225-ml-tyalocare/R-prod1140322/p
Parafarmacia,Gel de masaje Thrombactiv Lacer 200 ml.,"12,50 €","6,25 €/100ml",https://www.carrefour.es/supermercado/gel-de-masaje-thrombactiv-lacer-200-ml-lacer/R-fprod1180308/p
Parafarmacia,Ioxydoryl Resveratrol cápsulas Aquilea 30 cápsulas.,"17,10 €","85,50 €/100g",https://www.carrefour.es/supermercado/ioxydoryl-resveratrol-capsulas-aquilea-30-capsulas-aquilea/R-590503712/p
Parafarmacia,Crema color permanente Colour Clinuance 7.3 Rubio Dorado Clearé Institute 1 ud.,"5,85 €","5,85 €/ud",https://www.carrefour.es/supermercado/crema-color-permanente-colour-clinuance-73-rubio-dorado-cleare-institute-1-ud-cleare-institute/R-prod170359/p
Parafarmacia,Complemento alimenticio piernas ligeras Aquilea 60 comprimidos.,"18,60 €","33,21 €/100g",https://www.carrefour.es/supermercado/complemento-alimenticio-piernas-ligeras-aquilea-60-comprimidos-aquilea/R-prod231427/p
Parafarmacia,Levadura de cerveza en comprimidos Juvamine sin lactosa 150 ud.,"15,55 €","17,09 €/100g",https://www.carrefour.es/supermercado/levadura-de-cerveza-en-comprimidos-juvamine-sin-lactosa-150-ud/R-fprod1230245/p
Parafarmacia,Crema Idéalia iluminadora alisadora para piel seca Vichy 1 ud.,"23,85 €","47,70 €/100ml",https://www.carrefour.es/supermercado/crema-idealia-iluminadora-alisadora-para-piel-seca-vichy-1-ud-vichy/R-655602062/p
Parafarmacia,Contorno de labios y ojos Neovadiol Gf Vichy 15 ml.,"23,40 €","23,40 €/ud",https://www.carrefour.es/supermercado/contorno-de-labios-y-ojos-neovadiol-gf-vichy-15-ml-vichy/R-583401623/p
Parafarmacia,Crema de noche Liftactiv anti-arrugas Vichy 50 ml.,"29,75 €","59,50 €/100ml",https://www.carrefour.es/supermercado/crema-de-noche-liftactiv-anti-arrugas-vichy-50-ml-vichy/R-586201549/p
Parafarmacia,Dentífrico blanqueador Dentabrit pack de 2 unidades de 125 ml.,"6,95 €","5,56 €/100ml",https://www.carrefour.es/supermercado/dentifrico-blanqueador-dentabrit-pack-de-2-unidades-de-125-ml-dentabrit/R-664007094/p
Parafarmacia,"Crema Reafirmante Senos, Cuello y Escote + Farma Dorsch 200 ml","28,50 €","14,25 €/100ml",https://www.carrefour.es/supermercado/crema-reafirmante-senos-cuello-y-escote-farma-dorsch-200-ml--farma-dorsch/R-664502226/p
Parafarmacia,Crema reparadora antiedad pieles secas y sensibles NutriActive + Farma Dorsch 50 ml,"25,50 €","51,00 €/100ml",https://www.carrefour.es/supermercado/crema-reparadora-antiedad-pieles-secas-y-sensibles-nutriactive-farma-dorsch-50-ml--farma-dorsch/R-687013538/p
Parafarmacia,L-carnitina capsulas Sanon 100 ud.,"15,30 €","23,91 €/100g",https://www.carrefour.es/supermercado/l-carnitina-capsulas-sanon-100-ud-sanon/R-595501945/p
Parafarmacia,Cartílago de tiburón capsulas Sanon 100 ud.,"9,70 €","17,96 €/100g",https://www.carrefour.es/supermercado/cartilago-de-tiburon-capsulas-sanon-100-ud-sanon/R-595501993/p
Parafarmacia,Leche infantil de continuación desde 6 meses en polvo Damira Natur 2 sin aceite de palma lata 800 g.,"17,55 €","2,19 €/100g",https://www.carrefour.es/supermercado/leche-infantil-de-continuacion-desde-6-meses-en-polvo-damira-natur-2-sin-aceite-de-palma-lata-800-g/R-fprod1380206/p
Parafarmacia,Leche infantil para lactantes desde el primer día anticólico y antiestreñimiento Damira lata 800 g.,"21,00 €","2,62 €/100g",https://www.carrefour.es/supermercado/leche-infantil-para-lactantes-desde-el-primer-dia-anticolico-y-antiestrenimiento-damira-lata-800-g-sanutri/R-613402253/p
Parafarmacia,Crema facial para piel normal y mixta rellenador de arrugas Hyaluron Filler para el día con FP15 Eucerin 50 ml.,"28,15 €","56,30 €/100ml",https://www.carrefour.es/supermercado/crema-facial-para-piel-normal-y-mixta-rellenador-de-arrugas-hyaluron-filler-para-el-dia-con-fp15-eucerin-50-ml-eucerin/R-600804745/p
Parafarmacia,Parche de calor rectangular Voltatermic 2 ud.,"6,60 €","3,30 €/ud",https://www.carrefour.es/supermercado/parche-de-calor-rectangular-voltatermic-2-ud/R-fprod1430104/p
Parafarmacia,Crema fijadora para prótesis dentales efecto almohadilla Corega 70 g.,"13,20 €","18,86 €/100g",https://www.carrefour.es/supermercado/crema-fijadora-para-protesis-dentales-efecto-almohadilla-corega-70-g/R-fprod1430091/p
Parafarmacia,Pomada para curar heridas Hansaplast 20 g.,"5,15 €","5,15 €/ud",https://www.carrefour.es/supermercado/pomada-para-curar-heridas-hansaplast-20-g-hansaplast/R-prod860387/p
Parafarmacia,Apositos ampollas extreme Compeed 5 ud.,"7,25 €","1,45 €/ud",https://www.carrefour.es/supermercado/apositos-ampollas-extreme-compeed-5-ud-compeed/R-608703024/p
Parafarmacia,Crema Volume Filler día piel seca Eucerin 50 ml.,"30,95 €","61,90 €/100ml",https://www.carrefour.es/supermercado/crema-volume-filler-dia-piel-seca-eucerin-50-ml-eucerin/R-709601837/p
Parafarmacia,Crema Volume Filler día piel normal mixta Eucerin 50 ml.,"30,95 €","61,90 €/100ml",https://www.carrefour.es/supermercado/crema-volume-filler-dia-piel-normal-mixta-eucerin-50-ml-eucerin/R-709601839/p
Parafarmacia,"Triptófano con melatonina, magnesio y vitamina B6 Ana María Lajusticia 60 comprimidos","14,80 €","29,02 €/100g",https://www.carrefour.es/supermercado/triptofano-con-melatonina-magnesio-y-vitamina-b6-ana-maria-lajusticia-60-comprimidos/R-VC4AECOMM-437533/p
Parafarmacia,Mascarilla facial de té verde ecológica Chobs 25 ml.,"4,20 €","16,80 €/100ml",https://www.carrefour.es/supermercado/mascarilla-facial-de-te-verde-ecologica-chobs-25-ml/R-VC4AECOMM-490438/p
Parafarmacia,Tinte Classic 7N Rubio Farmatint 1 ud.,"8,30 €","8,30 €/ud",https://www.carrefour.es/supermercado/tinte-classic-7n-rubio-farmatint-1-ud-farmatint/R-590507706/p
Parafarmacia,Tinte Classic 8N Rubio Claro Farmatint 1 ud.,"8,30 €","8,30 €/ud",https://www.carrefour.es/supermercado/tinte-classic-8n-rubio-claro-farmatint-1-ud-farmatint/R-590507710/p
Parafarmacia,Tinte Classic 5M Castaño Claro Caoba Farmatint 1 ud.,"8,30 €","8,30 €/ud",https://www.carrefour.es/supermercado/tinte-classic-5m-castano-claro-caoba-farmatint-1-ud-farmatint/R-590507714/p
Parafarmacia,Tinte Classic 10N Rubio Platino Farmatint 1 ud.,"8,30 €","8,30 €/ud",https://www.carrefour.es/supermercado/tinte-classic-10n-rubio-platino-farmatint-1-ud-farmatint/R-590507726/p
Parafarmacia,Apósitos callos entre dedos Compeed 10 ud.,"5,35 €","0,53 €/ud",https://www.carrefour.es/supermercado/apositos-callos-entre-dedos-compeed-10-ud-compeed/R-590507776/p
Parafarmacia,Apósitos durezas pequeñas Compeed 6 ud.,"5,35 €","0,89 €/ud",https://www.carrefour.es/supermercado/apositos-durezas-pequenas-compeed-6-ud-compeed/R-590507800/p
Parafarmacia,Vitamina B sin azúcar Vallesol 30 comprimidos.,"8,95 €","49,72 €/100g",https://www.carrefour.es/supermercado/vitamina-b-sin-azucar-vallesol-30-comprimidos-vallesol/R-590508100/p
Parafarmacia,Loción hidratante Enriquecida corporal pH5 para pieles sensibles y secas Eucerin 400 ml.,"15,35 €","38,37 €/100ml",https://www.carrefour.es/supermercado/locion-hidratante-enriquecida-corporal-ph5-para-pieles-sensibles-y-secas-eucerin-400-ml-eucerin/R-590508136/p
Parafarmacia,Crema Q10 Active noche Eucerin 50 ml.,"23,90 €","47,80 €/100ml",https://www.carrefour.es/supermercado/crema-q10-active-noche-eucerin-50-ml-eucerin/R-590508178/p
Parafarmacia,Desodorante antritranspiranten roll-on 24h. Ureadin 50 ml.,"7,70 €","15,40 €/100ml",https://www.carrefour.es/supermercado/desodorante-antritranspiranten-roll-on-24h-ureadin-50-ml-ureadin/R-590508542/p
Parafarmacia,Solución única RENU Multiplus Bausch + Lomb 500 ml.,"14,75 €","2,95 €/100ml",https://www.carrefour.es/supermercado/solucion-unica-renu-multiplus-bausch-lomb-500-ml-bausch-lomb/R-590508598/p
Parafarmacia,Leche corporal para piel sensible Sebamed 400 ml.,"17,45 €","4,36 €/100ml",https://www.carrefour.es/supermercado/leche-corporal-para-piel-sensible-sebamed-400-ml-sebamed/R-596801589/p
Parafarmacia,Jabón Líquido Multidermol 750 ml.,"7,10 €","0,95 €/100ml",https://www.carrefour.es/supermercado/jabon-liquido-multidermol-750-ml-multidermol/R-590508626/p
Parafarmacia,Colutorio bucal mantenimiento periodontal Perio-Aid 500 ml.,"8,00 €","1,60 €/100ml",https://www.carrefour.es/supermercado/colutorio-bucal-mantenimiento-periodontal-perio-aid-500-ml-perio-aid/R-590508792/p
Parafarmacia,Limpiador lingual Halita 1 ud.,"5,00 €","5,00 €/ud",https://www.carrefour.es/supermercado/limpiador-lingual-halita-1-ud-halita/R-590508798/p
Parafarmacia,"Crema protege, repara y alivia con extracto de centella asiática Body Natur 40 ml.","5,25 €","13,12 €/100ml",https://www.carrefour.es/supermercado/crema-protege-repara-y-alivia-con-extracto-de-centella-asiatica-body-natur-40-ml/R-VC4AECOMM-559934/p
Parafarmacia,Crema de manos de peonía y pomelo Girl Boss Ninette 30 ml.,"1,07 €","3,57 €/100ml",https://www.carrefour.es/supermercado/crema-de-manos-de-peonia-y-pomelo-girl-boss-ninette-30-ml/R-VC4AECOMM-583778/p
Parafarmacia,Crema hidratante con protección ligera Hydraphase UV La Roche-Posay 50 ml.,"21,00 €","42,00 €/100ml",https://www.carrefour.es/supermercado/crema-hidratante-con-proteccion-ligera-hydraphase-uv-la-roche-posay-50-ml-la-roche-posay/R-590509582/p
Parafarmacia,Desodorante antitranspirante 48h Vichy 125 ml.,"8,50 €","6,80 €/100ml",https://www.carrefour.es/supermercado/desodorante-antitranspirante-48h-vichy-125-ml-vichy/R-590509614/p
Parafarmacia,Papilla Infantil Blevit Plus 8 Cereales Miel 600 gr,"7,70 €","12,83 €/kg",https://www.carrefour.es/supermercado/papilla-infantil-blevit-plus-8-cereales-miel-600-gr-blevit-plus/R-617101719/p
Parafarmacia,Anticelulítica con Efecto Mesorterapia Meso-Reductor + Farma Dorsch 200 ml.,"28,60 €","14,30 €/100ml",https://www.carrefour.es/supermercado/anticelulitica-con-efecto-mesorterapia-meso-reductor-farma-dorsch-200-ml--farma-dorsch/R-590510590/p
Parafarmacia,Dentífrico blanqueador Kin 125 ml.,"7,30 €","5,84 €/100ml",https://www.carrefour.es/supermercado/dentifrico-blanqueador-kin-125-ml-kin/R-590511310/p
Parafarmacia,Pomada para proteger la zona del pañal Dermo H Halibut 45 g.,"5,90 €","13,11 €/100g",https://www.carrefour.es/supermercado/pomada-para-proteger-la-zona-del-panal-dermo-h-halibut-45-g-halibut/R-prod70604/p
Parafarmacia,Pomada regeneradora Halibut 45 g.,"7,90 €","17,56 €/100g",https://www.carrefour.es/supermercado/pomada-regeneradora-halibut-45-g-halibut/R-763906540/p
Parafarmacia,Enjuague bucal para un aliento seguro CB12 250 ml.,"16,40 €","65,60 €/100ml",https://www.carrefour.es/supermercado/enjuague-bucal-para-un-aliento-seguro-cb12-250-ml-cb12/R-764802403/p
Parafarmacia,Loción hidratante corporal pH5 para pieles sensibles Eucerin 400 ml.,"15,35 €","3,84 €/100ml",https://www.carrefour.es/supermercado/locion-hidratante-corporal-ph5-para-pieles-sensibles-eucerin-400-ml-eucerin/R-590511922/p
Parafarmacia,Gel para la higiene íntima diaria Ginecanesgel Bayer 200 ml.,"11,40 €","5,70 €/100ml",https://www.carrefour.es/supermercado/gel-para-la-higiene-intima-diaria-ginecanesgel-bayer-200-ml-bayer/R-590512334/p
Parafarmacia,Contorno de ojos + Farma Dorsch 15 ml.,"26,50 €","26,50 €/ud",https://www.carrefour.es/supermercado/contorno-de-ojos-farma-dorsch-15-ml--farma-dorsch/R-641402149/p
Parafarmacia,Turboslim cronoactive 45+ Forté Pharma 56 cápsulas,"29,80 €","74,50 €/100g",https://www.carrefour.es/supermercado/turboslim-cronoactive-45-forte-pharma-56-capsulas-forte-pharma/R-641402194/p
Parafarmacia,Quema grasas guaraná-cromo en comprimidos Juvamine 60 ud.,"7,95 €","41,84 €/100g",https://www.carrefour.es/supermercado/quema-grasas-guarana-cromo-en-comprimidos-juvamine-60-ud-juvamine/R-prod440120/p
Parafarmacia,Set de gel y crema anti fatiga Neutrogena 1 ud.,"20,50 €","20,50 €/ud",https://www.carrefour.es/supermercado/set-de-gel-y-crema-anti-fatiga-neutrogena-1-ud-neutrogena/R-prod520041/p
Parafarmacia,Set de gel de agua y crema anti fatiga Neutrogena 1 ud.,"20,25 €","20,25 €/ud",https://www.carrefour.es/supermercado/set-de-gel-de-agua-y-crema-anti-fatiga-neutrogena-1-ud-neutrogena/R-prod520078/p
Parafarmacia,Crema unificante antiedad Pro-Renove Roc 50 ml.,"28,40 €","56,80 €/100ml",https://www.carrefour.es/supermercado/crema-unificante-antiedad-pro-renove-roc-50-ml-roc/R-794748739/p
Parafarmacia,Gel hidratante de Aloe Vera Go Organic Farma Dorsch 200 ml.,"19,25 €","9,62 €/100ml",https://www.carrefour.es/supermercado/gel-hidratante-de-aloe-vera-go-organic-farma-dorsch-200-ml-farma-dorsch/R-808944122/p
Parafarmacia,Leche infantil de crecimiento desde 12 meses Nutribén Pro+ 800 g.,"13,45 €","16,81 €/kg",https://www.carrefour.es/supermercado/leche-infantil-de-crecimiento-desde-12-meses-nutriben-pro-800-g-nutriben/R-804324058/p
Parafarmacia,Crema fijadora para prótesis dentales Corega 70 g.,"12,30 €","17,57 €/100g",https://www.carrefour.es/supermercado/crema-fijadora-para-protesis-dentales-corega-70-g-corega/R-820614068/p
Parafarmacia,Loción hidratante ultraligera pH5 para pieles secas y sensibles Eucerin 400 ml.,"15,35 €","3,84 €/100ml",https://www.carrefour.es/supermercado/locion-hidratante-ultraligera-ph5-para-pieles-secas-y-sensibles-eucerin-400-ml-eucerin/R-prod780655/p
Parafarmacia,Champú anticaída Go Organic pelo normal o graso Farma Dorsch 500 ml.,"37,40 €","7,48 €/100ml",https://www.carrefour.es/supermercado/champu-anticaida-go-organic-pelo-normal-o-graso-farma-dorsch-500-ml-farma-dorsch/R-prod790010/p
Parafarmacia,Leche infantil para lactantes desde el primer día en polvo Almirón Advance bote de 400 g.,"11,30 €","28,25 €/kg",https://www.carrefour.es/supermercado/leche-infantil-para-lactantes-desde-el-primer-dia-en-polvo-almiron-advance-bote-de-400-g-almiron/R-prod301563/p
Parafarmacia,Leche infantil de continuación desde 6 meses Nestlé Nan Optipro 2 brik 500 ml.,"2,30 €","4,60 €/l",https://www.carrefour.es/supermercado/leche-infantil-de-continuacion-desde-6-meses-nestle-nan-optipro-2-brik-500-ml-nestle/R-fprod1180044/p
Parafarmacia,"Lápiz marcador henna negro, marrón y rojo tottoo BodyMark Bic 3 ud.","15,50 €","5,17 €/ud",https://www.carrefour.es/supermercado/lapiz-marcador-henna-negro-marron-y-rojo-tottoo-bodymark-bic-3-ud/R-VC4AECOMM-490186/p
Parafarmacia,Serum concentrado rehidrantate La Roche-Posay 30 ml.,"26,65 €","88,83 €/100ml",https://www.carrefour.es/supermercado/serum-concentrado-rehidrantate-la-roche-posay-30-ml-la-roche-posay/R-664810992/p
Parafarmacia,Chitosan comprimidos Sanon 80 ud.,"7,70 €","20,81 €/100g",https://www.carrefour.es/supermercado/chitosan-comprimidos-sanon-80-ud-sanon/R-595501975/p
Parafarmacia,Cola de caballo comprimidos Sanon 200 ud.,"9,15 €","9,15 €/100g",https://www.carrefour.es/supermercado/cola-de-caballo-comprimidos-sanon-200-ud-sanon/R-595501977/p
Parafarmacia,Tetina suave de flujo variable desde 3 meses Avent 2 ud.,"5,10 €","5,10 €/ud",https://www.carrefour.es/supermercado/tetina-suave-de-flujo-variable-desde-3-meses-avent-2-ud-avent/R-590508218/p
Parafarmacia,Batido hiperproteico sabor chocolate Bimanán 560 g.,"24,35 €","4,35 €/100g",https://www.carrefour.es/supermercado/batido-hiperproteico-sabor-chocolate-bimanan-560-g-bimanan/R-742319106/p
Parafarmacia,Complemento alimenticio Multivitaminas Osovit 90 ud.,"11,30 €","0,13 €/ud",https://www.carrefour.es/supermercado/complemento-alimenticio-multivitaminas-osovit-90-ud-osovit/R-649302133/p
Parafarmacia,Valeriana forte Kneipp 30 ud.,"11,40 €","63,33 €/100g",https://www.carrefour.es/supermercado/valeriana-forte-kneipp-30-ud-kneipp/R-800038851/p
Parafarmacia,Espuma de afeitar extra protección Noxzema 50 ml.,"4,05 €","8,10 €/100ml",https://www.carrefour.es/supermercado/espuma-de-afeitar-extra-proteccion-noxzema-50-ml-noxzema/R-819255754/p
Parafarmacia,Mascarilla facial Genomask Genové 1 ud.,"11,65 €","1,94 €/ud",https://www.carrefour.es/supermercado/mascarilla-facial-genomask-genove-1-ud-genove/R-819255792/p
Parafarmacia,Tratamiento anticaída muti-acción Aminexil Clinical 5 Vichy Dercos 21 ud.,"55,65 €","2,65 €/ud",https://www.carrefour.es/supermercado/tratamiento-anticaida-muti-accion-aminexil-clinical-5-vichy-dercos-21-ud-vichy-dercos/R-prod74496/p
Parafarmacia,Biberón con tetina redonda de silicona 3 posiciones desde 0 meses Suavinex 270 ml.,"10,30 €","10,30 €/ud",https://www.carrefour.es/supermercado/biberon-con-tetina-redonda-de-silicona-3-posiciones-desde-0-meses-suavinex-270-ml-suavinex/R-prod180388/p
Parafarmacia,Biberón con tetina redonda de silicona 3 posiciones desde 0 meses Suavinex 150 ml. 1 ud.,"10,00 €","10,00 €/ud",https://www.carrefour.es/supermercado/biberon-con-tetina-redonda-de-silicona-3-posiciones-desde-0-meses-suavinex-150-ml-1-ud-suavinex/R-prod212263/p
Parafarmacia,Effaclar Duo anti-imperfecciones corrector light La Roche-Posay 40 ml.,"16,50 €","41,25 €/100ml",https://www.carrefour.es/supermercado/effaclar-duo-anti-imperfecciones-corrector-light-la-roche-posay-40-ml-la-roche-posay/R-prod290293/p
Parafarmacia,Effaclar Duo anti-imperfecciones corrector medium La Roche-Posay 40 ml.,"16,50 €","41,25 €/100ml",https://www.carrefour.es/supermercado/effaclar-duo-anti-imperfecciones-corrector-medium-la-roche-posay-40-ml-la-roche-posay/R-prod290294/p
Parafarmacia,Batidos de chocolate sustitutivos Sanon 7 ud.,"7,60 €","3,62 €/100g",https://www.carrefour.es/supermercado/batidos-de-chocolate-sustitutivos-sanon-7-ud-sanon/R-prod261977/p
Parafarmacia,Crema antiedad Regeneradora Rosa Mosqueta Ferrer 50 ml.,"20,30 €","40,60 €/100ml",https://www.carrefour.es/supermercado/crema-antiedad-regeneradora-rosa-mosqueta-ferrer-50-ml-ferrer/R-prod72590/p
Parafarmacia,Bálsamo protector y reparador intensivo nariz y labios Halibut 10 ml.,"6,90 €","6,90 €/ud",https://www.carrefour.es/supermercado/balsamo-protector-y-reparador-intensivo-nariz-y-labios-halibut-10-ml-halibut/R-prod70822/p
Parafarmacia,Contorno de ojos substiane La Roche-Posay 15 ml.,"23,85 €","23,85 €/ud",https://www.carrefour.es/supermercado/contorno-de-ojos-substiane-la-roche-posay-15-ml-la-roche-posay/R-prod72246/p
Parafarmacia,Pack de Dos Tetinas de Silicona Nivel 3 +6 meses Dr. Brown's,"5,60 €","2,80 €/ud",https://www.carrefour.es/supermercado/pack-de-dos-tetinas-de-silicona-nivel-3-6-meses-dr-browns-dr-browns/R-699308854/p
Parafarmacia,Gel higienizante de manos Lactyferrin Sesderma 250 ml.,"7,85 €","3,14 €/100ml",https://www.carrefour.es/supermercado/gel-higienizante-de-manos-lactyferrin-sesderma-250-ml/R-VC4AECOMM-496848/p
Parafarmacia,Loción hidratante limpiadora desde el nacimiento Mustela 750 ml.,"13,55 €","1,81 €/100ml",https://www.carrefour.es/supermercado/locion-hidratante-limpiadora-desde-el-nacimiento-mustela-750-ml-mustela/R-590507886/p
Parafarmacia,Aceite puro de rosa mosqueta Repavar Ferrer 15 ml.,"10,80 €","72,00 €/100ml",https://www.carrefour.es/supermercado/aceite-puro-de-rosa-mosqueta-repavar-ferrer-15-ml-ferrer/R-590508912/p
Parafarmacia,Champú al extracto de cebolla Kamel 500 ml,"6,30 €","1,26 €/100g",https://www.carrefour.es/supermercado/champu-al-extracto-de-cebolla-kamel-500-ml/R-VC4AECOMM-563675/p
Parafarmacia,Biberón con tentina de látex plujo papilla desde 4 meses Suavinex 360 ml.,"7,90 €","7,90 €/ud",https://www.carrefour.es/supermercado/biberon-con-tentina-de-latex-plujo-papilla-desde-4-meses-suavinex-360-ml-suavinex/R-619501544/p
Parafarmacia,Enjuague bucal Fresh aliento fresco Phb 500 ml.,"5,95 €","1,19 €/100ml",https://www.carrefour.es/supermercado/enjuague-bucal-fresh-aliento-fresco-phb-500-ml-phb/R-prod67597/p
Parafarmacia,Gafas presbicia + 1.50 Vannali 1 ud.,"7,40 €","7,40 €/ud",https://www.carrefour.es/supermercado/gafas-presbicia-150-vannali-1-ud-vannali/R-prod240388/p
Parafarmacia,Tetina de látex flujo variable 3 posiciones desde 0 meses Suavinex 2 ud.,"5,95 €","2,97 €/ud",https://www.carrefour.es/supermercado/tetina-de-latex-flujo-variable-3-posiciones-desde-0-meses-suavinex-2-ud-suavinex/R-590511894/p
Parafarmacia,Complemento alimenticio de vainilla en polvo Pediasure 400 g.,"12,95 €","32,37 €/kg",https://www.carrefour.es/supermercado/complemento-alimenticio-de-vainilla-en-polvo-pediasure-400-g-pediasure/R-792556701/p
Parafarmacia,Desodorante invisible Dermactive roll-on Mussvital pack de 2 unidades de 75 ml.,"6,65 €","4,43 €/100ml",https://www.carrefour.es/supermercado/desodorante-invisible-dermactive-roll-on-mussvital-pack-de-2-unidades-de-75-ml-mussvital/R-prod71691/p
Parafarmacia,Complemento alimenticio Maca Sanon 100 comprimidos.,"7,45 €","14,90 €/100g",https://www.carrefour.es/supermercado/complemento-alimenticio-maca-sanon-100-comprimidos-sanon/R-836507149/p
Parafarmacia,Vitaminas para la memoria Memorex Forté Pharma - Energy 56 comprimidos.,"16,60 €","15,81 €/100g",https://www.carrefour.es/supermercado/vitaminas-para-la-memoria-memorex-forte-pharma-energy-56-comprimidos-forte-pharma-energy/R-675701711/p
Parafarmacia,Complemento colágeno natural sport en polvo Colnatur 330 g.,"17,95 €","5,44 €/100g",https://www.carrefour.es/supermercado/complemento-colageno-natural-sport-en-polvo-colnatur-330-g-colnatur/R-prod890092/p
Parafarmacia,"Jeringa de un solo uso con aguja indolora, lista para usar Farmamed 10 ud.","1,82 €","0,18 €/ud",https://www.carrefour.es/supermercado/jeringa-de-un-solo-uso-con-aguja-indolora-lista-para-usar-farmamed-10-ud/R-prod910047/p
Parafarmacia,Crema facial Atopic Piel Ferrer 50 ml.,"10,30 €","20,60 €/100ml",https://www.carrefour.es/supermercado/crema-facial-atopic-piel-ferrer-50-ml-ferrer/R-677310525/p
Parafarmacia,Crema Hydreane Bb La Roche-Posay 40 ml.,"15,65 €","39,12 €/100ml",https://www.carrefour.es/supermercado/crema-hydreane-bb-la-roche-posay-40-ml-la-roche-posay/R-677701717/p
Parafarmacia,Crema antiarrugas Redermic C para piel normal a mixta La Roche-Posay 40 ml.,"30,90 €","77,25 €/100ml",https://www.carrefour.es/supermercado/crema-antiarrugas-redermic-c-para-piel-normal-a-mixta-la-roche-posay-40-ml-la-roche-posay/R-681101665/p
Parafarmacia,Crema para pieles atópicas Mustela 40 ml.,"8,55 €","21,37 €/100ml",https://www.carrefour.es/supermercado/crema-para-pieles-atopicas-mustela-40-ml-mustela/R-prod1000601/p
Parafarmacia,Bálsamo densificador nutritivo Neovadiol Magistral Vichy 50 ml.,"30,25 €","60,50 €/100ml",https://www.carrefour.es/supermercado/balsamo-densificador-nutritivo-neovadiol-magistral-vichy-50-ml-vichy/R-692602652/p
Parafarmacia,Gel higiene íntima hidratante Lactacyd 250 ml.,"9,40 €","3,76 €/100ml",https://www.carrefour.es/supermercado/gel-higiene-intima-hidratante-lactacyd-250-ml-lactacyd/R-prod230884/p
Parafarmacia,Tratamiento colorante moreno-negro Touch of Grey Just for Men1 ud.,"7,85 €","7,85 €/ud",https://www.carrefour.es/supermercado/tratamiento-colorante-moreno-negro-touch-of-grey-just-for-men1-ud-touch-of-grey/R-590502332/p
Parafarmacia,Loción corporal de rosa mosqueta antiedad reafirmante Active Sensory 400 ml.,"10,45 €","2,61 €/100ml",https://www.carrefour.es/supermercado/locion-corporal-de-rosa-mosqueta-antiedad-reafirmante-active-sensory-400-ml-active-sensory/R-prod1110012/p
Parafarmacia,Gel relajante de piernas Actidren E'lifexir 200 ml.,"9,25 €","4,62 €/100ml",https://www.carrefour.es/supermercado/gel-relajante-de-piernas-actidren-elifexir-200-ml-elifexir/R-590502656/p
Parafarmacia,Leche corporal hidratante Ultra-Nutritiva + Farma Dorsch 400 ml,"28,00 €","7,00 €/100ml",https://www.carrefour.es/supermercado/leche-corporal-hidratante-ultra-nutritiva-farma-dorsch-400-ml--farma-dorsch/R-653701994/p
Parafarmacia,Crema Busto y cuello Tyalocare 225 ml.,"10,45 €","4,64 €/100ml",https://www.carrefour.es/supermercado/crema-busto-y-cuello-tyalocare-225-ml-tyalocare/R-prod1140320/p
Parafarmacia,Barritas de sabor chocolate Bimanán 162 g.,"8,35 €","5,15 €/100g",https://www.carrefour.es/supermercado/barritas-de-sabor-chocolate-bimanan-162-g-bimanan/R-590503460/p
Parafarmacia,Anti ácaros ZZ 270 ml.,"7,05 €","2,61 €/100ml",https://www.carrefour.es/supermercado/anti-acaros-zz-270-ml-zz/R-fprod1200308/p
Parafarmacia,Complemento alimenticio para el estudio De Memory 30 comprimidos.,"13,90 €","27,80 €/100g",https://www.carrefour.es/supermercado/complemento-alimenticio-para-el-estudio-de-memory-30-comprimidos-de-memory/R-590504208/p
Parafarmacia,Desodorante spray Hipersudoración Somatoline Cosmetic pack de 2 unidades de 125 ml.,"8,85 €","3,54 €/100ml",https://www.carrefour.es/supermercado/desodorante-spray-hipersudoracion-somatoline-cosmetic-pack-de-2-unidades-de-125-ml-somatoline-cosmetic/R-fprod1220195/p
Parafarmacia,Desodorante roll on Hipersudoración Somatoline Cosmetic pack de 2 unidades de 40 ml.,"9,20 €","11,50 €/100ml",https://www.carrefour.es/supermercado/desodorante-roll-on-hipersudoracion-somatoline-cosmetic-pack-de-2-unidades-de-40-ml-somatoline-cosmetic/R-fprod1220223/p
Parafarmacia,Biberón con tetina de látex anatómica flujo denso desde 6 meses Suavinex 360 ml.,"7,90 €","7,90 €/ud",https://www.carrefour.es/supermercado/biberon-con-tetina-de-latex-anatomica-flujo-denso-desde-6-meses-suavinex-360-ml-suavinex/R-574801610/p
Parafarmacia,Vigor sex Sanon 30 cápsulas.,"7,50 €","35,71 €/100g",https://www.carrefour.es/supermercado/vigor-sex-sanon-30-capsulas-sanon/R-prod231278/p
Parafarmacia,Ajo negro cápsulas Sanon 30 ud.,"9,65 €","41,96 €/100g",https://www.carrefour.es/supermercado/ajo-negro-capsulas-sanon-30-ud/R-prod231276/p
Parafarmacia,Roll on de arnica y calamina Arnidol Pic 30 ml.,"7,35 €","24,50 €/100ml",https://www.carrefour.es/supermercado/roll-on-de-arnica-y-calamina-arnidol-pic-30-ml-arnidol/R-prod270401/p
Parafarmacia,Crema Toleriane Ultra para pieles sensibles y alérgicas La Roche-Posay 1 ud.,"18,85 €","47,12 €/100ml",https://www.carrefour.es/supermercado/crema-toleriane-ultra-para-pieles-sensibles-y-alergicas-la-roche-posay-1-ud-la-roche-posay/R-583401615/p
Parafarmacia,Kit Fortalecedor de uñas Mavala 1 ud.,"17,05 €","17,05 €/ud",https://www.carrefour.es/supermercado/kit-fortalecedor-de-unas-mavala-1-ud-mavala/R-590601574/p
Parafarmacia,Apositos ampollas surtido Compeed 6 ud.,"7,25 €","1,45 €/ud",https://www.carrefour.es/supermercado/apositos-ampollas-surtido-compeed-6-ud-compeed/R-663201846/p
Parafarmacia,Copa de chocolate Bimanán 1 ud.,"3,05 €","1,45 €/100g",https://www.carrefour.es/supermercado/copa-de-chocolate-bimanan-1-ud-bimanan/R-700809058/p
Parafarmacia,Crema sabor yogur con cereales Bimanán 5 ud.,"13,75 €","4,41 €/100g",https://www.carrefour.es/supermercado/crema-sabor-yogur-con-cereales-bimanan-5-ud-bimanan/R-700809064/p
Parafarmacia,Espirulina comprimidos Sanon 100 ud.,"9,00 €","9,00 €/100g",https://www.carrefour.es/supermercado/espirulina-comprimidos-sanon-100-ud-sanon/R-595201696/p
Parafarmacia,Complemento vitamínico con jalea real Vitalidad Apiserum sin gluten y sin lactosa 30 ud.,"15,10 €","71,90 €/100g",https://www.carrefour.es/supermercado/complemento-vitaminico-con-jalea-real-vitalidad-apiserum-sin-gluten-y-sin-lactosa-30-ud/R-fprod1430128/p
Parafarmacia,Loción corporal en gel para pieles normales Neutrogena 400 ml.,"10,00 €","2,50 €/100ml",https://www.carrefour.es/supermercado/locion-corporal-en-gel-para-pieles-normales-neutrogena-400-ml-neutrogena/R-prod860088/p
Parafarmacia,Concentrado de cúrcuma Sanon 30 ud.,"5,10 €","31,87 €/100g",https://www.carrefour.es/supermercado/concentrado-de-curcuma-sanon-30-ud-sanon/R-prod860296/p
Parafarmacia,Spray para heridas Hansaplast 100 ml.,"5,15 €","5,15 €/100ml",https://www.carrefour.es/supermercado/spray-para-heridas-hansaplast-100-ml-hansaplast/R-prod860382/p
Parafarmacia,Colágeno hidrolizado Phytofarma 360 g.,"10,20 €","2,83 €/100g",https://www.carrefour.es/supermercado/colageno-hidrolizado-phytofarma-360-g/R-fprod1480170/p
Parafarmacia,Desodorante antitranspirante roll-on Strong Perspirex 20 ml.,"13,60 €","68,00 €/100ml",https://www.carrefour.es/supermercado/desodorante-antitranspirante-roll-on-strong-perspirex-20-ml/R-VC4AECOMM-432378/p
Parafarmacia,Colágeno con magnesio y vitamina C sabor fresa Ana María Lajusticia 350 gr,"16,60 €","4,74 €/100g",https://www.carrefour.es/supermercado/colageno-con-magnesio-y-vitamina-c-sabor-fresa-ana-maria-lajusticia-350-gr/R-VC4AECOMM-437531/p
Parafarmacia,Complemento alimenticio para pérdida de peso Max Strength XLS Medical 120 ud.,"76,35 €","0,64 €/ud",https://www.carrefour.es/supermercado/complemento-alimenticio-para-perdida-de-peso-max-strength-xls-medical-120-ud/R-VC4AECOMM-465132/p
Parafarmacia,Mascarilla facial blanqueante de limón ecológica Chobs 25 ml.,"4,20 €","16,80 €/100ml",https://www.carrefour.es/supermercado/mascarilla-facial-blanqueante-de-limon-ecologica-chobs-25-ml/R-VC4AECOMM-490492/p
Parafarmacia,Gel anti-mosquitos citronela Bonodor 75 g.,"3,05 €","40,67 €/kg",https://www.carrefour.es/supermercado/gel-anti-mosquitos-citronela-bonodor-75-g/R-VC4AECOMM-497476/p
Parafarmacia,Magnesio Ana Maria Lajusticia 80 gr,"5,95 €","7,44 €/100g",https://www.carrefour.es/supermercado/magnesio-ana-maria-lajusticia-80-gr/R-VC4AECOMM-517708/p
Parafarmacia,Tiras nasales clásicas tamaño grande Breathe Right 10 ud.,"8,40 €","0,84 €/ud",https://www.carrefour.es/supermercado/tiras-nasales-clasicas-tamano-grande-breathe-right-10-ud-breathe-right/R-590507682/p
Parafarmacia,Apósitos durezas grandes Compeed 2 ud.,"5,35 €","2,67 €/ud",https://www.carrefour.es/supermercado/apositos-durezas-grandes-compeed-2-ud-compeed/R-590507780/p
Parafarmacia,Apósitos juanetes Compeed 5 ud.,"5,35 €","1,07 €/ud",https://www.carrefour.es/supermercado/apositos-juanetes-compeed-5-ud-compeed/R-590507782/p
Parafarmacia,Ampollas antícaida Pilexil 15 ud.,"33,20 €","2,21 €/ud",https://www.carrefour.es/supermercado/ampollas-anticaida-pilexil-15-ud-pilexil/R-590508012/p
Parafarmacia,Crema hidratante pH5 para pieles sensibles Eucerin 100 ml.,"18,65 €","186,50 €/100ml",https://www.carrefour.es/supermercado/crema-hidratante-ph5-para-pieles-sensibles-eucerin-100-ml-eucerin/R-590508140/p
Parafarmacia,Crema contorno de ojos Q10 Active Eucerin 15 ml.,"16,85 €","112,33 €/100ml",https://www.carrefour.es/supermercado/crema-contorno-de-ojos-q10-active-eucerin-15-ml-eucerin/R-590508168/p
Parafarmacia,Crema Q10 Active antiarrugas piel seca Eucerin 50 ml.,"23,90 €","47,80 €/100ml",https://www.carrefour.es/supermercado/crema-q10-active-antiarrugas-piel-seca-eucerin-50-ml-eucerin/R-590508176/p
Parafarmacia,Gel Syndet hidratante Ureadin 1000 ml.,"18,65 €","1,86 €/100ml",https://www.carrefour.es/supermercado/gel-syndet-hidratante-ureadin-1000-ml-ureadin/R-645206842/p
Parafarmacia,Ginseng + Jalea Real + Vitaminas complemento alimenticio Revital 20 ampollas.,"17,35 €","8,67 €/100ml",https://www.carrefour.es/supermercado/ginseng-jalea-real-vitaminas-complemento-alimenticio-revital-20-ampollas-revital/R-590508846/p
Parafarmacia,Plantilla súper Devor-Olor 2 ud.,"7,25 €","7,25 €/ud",https://www.carrefour.es/supermercado/plantilla-super-devor-olor-2-ud-devor-olor/R-590508866/p
Parafarmacia,Loción intensiva Bepanthol Bayer 400 ml.,"19,75 €","4,94 €/100ml",https://www.carrefour.es/supermercado/locion-intensiva-bepanthol-bayer-400-ml-bayer/R-590509296/p
Parafarmacia,Drenante activos de origen natural TurboSlim 500 ml.,"19,60 €","3,92 €/100ml",https://www.carrefour.es/supermercado/drenante-activos-de-origen-natural-turboslim-500-ml-turboslim/R-590509318/p
Parafarmacia,Cepillo dental bambú medio Natur Lacer 1 ud.,"4,10 €","4,10 €/ud",https://www.carrefour.es/supermercado/cepillo-dental-bambu-medio-natur-lacer-1-ud/R-VC4AECOMM-603389/p
Parafarmacia,Colutorio bucal diario antiplaca Natur Lacer 500 ml.,"8,30 €","1,66 €/100ml",https://www.carrefour.es/supermercado/colutorio-bucal-diario-antiplaca-natur-lacer-500-ml/R-VC4AECOMM-603397/p
Parafarmacia,Complemento alimenticio para el cabello y las uñas Pilexil Cápsulas pack ahorro 250 cápsulas,"40,70 €","10,58 €/100g",https://www.carrefour.es/supermercado/complemento-alimenticio-para-el-cabello-y-las-unas-pilexil-capsulas-pack-ahorro-250-capsulas/R-VC4AECOMM-603406/p
Parafarmacia,Crema rehidrantante anti-bolsas Hydraphase La Roche-Posay 15 ml.,"17,25 €","115,00 €/100ml",https://www.carrefour.es/supermercado/crema-rehidrantante-anti-bolsas-hydraphase-la-roche-posay-15-ml-la-roche-posay/R-590509576/p
Parafarmacia,Spray tratamiento contra piojos y liendres Paranix 60 ml.,"16,60 €","27,67 €/100ml",https://www.carrefour.es/supermercado/spray-tratamiento-contra-piojos-y-liendres-paranix-60-ml-paranix/R-590510196/p
Parafarmacia,Loción Atopicontrol Eucerin 400 ml.,"18,50 €","4,62 €/100ml",https://www.carrefour.es/supermercado/locion-atopicontrol-eucerin-400-ml-eucerin/R-731184322/p
Parafarmacia,Crema forte facial Atopicontrol Eucerin 50 ml.,"14,10 €","28,20 €/100ml",https://www.carrefour.es/supermercado/crema-forte-facial-atopicontrol-eucerin-50-ml-eucerin/R-731184326/p
Parafarmacia,Repavar Crema regeneradora Ferrer 125 ml.,"18,65 €","14,92 €/100ml",https://www.carrefour.es/supermercado/repavar-crema-regeneradora-ferrer-125-ml-ferrer/R-623902329/p
Parafarmacia,Hidratante calmante multi-compensador 40 ml. La Roche-Posay 1 ud.,"15,20 €","38,00 €/100ml",https://www.carrefour.es/supermercado/hidratante-calmante-multi-compensador-40-ml-la-roche-posay-1-ud-la-roche-posay/R-590511048/p
Parafarmacia,Desmaquillante de ojos fisiológico La Roche-Posay 125 ml.,"12,00 €","9,60 €/100ml",https://www.carrefour.es/supermercado/desmaquillante-de-ojos-fisiologico-la-roche-posay-125-ml-la-roche-posay/R-590511278/p
Parafarmacia,Loción calmante fisiológica para pieles sensibles La Roche-Posay 200 ml.,"14,60 €","7,30 €/100ml",https://www.carrefour.es/supermercado/locion-calmante-fisiologica-para-pieles-sensibles-la-roche-posay-200-ml-la-roche-posay/R-590511280/p
Parafarmacia,Polvos para los pies Funsol 60 g.,"7,35 €","12,25 €/100g",https://www.carrefour.es/supermercado/polvos-para-los-pies-funsol-60-g-funsol/R-762102393/p
Parafarmacia,Gel escultor multiactivo para glúteos E'lifexir 200 ml.,"11,00 €","5,50 €/100ml",https://www.carrefour.es/supermercado/gel-escultor-multiactivo-para-gluteos-elifexir-200-ml-elifexir/R-764119291/p
Parafarmacia,Fluido luminoso C-Vit 50 ml. Sesderma 1 ud.,"31,55 €","157,75 €/100ml",https://www.carrefour.es/supermercado/fluido-luminoso-c-vit-50-ml-sesderma-1-ud-sesderma/R-590511382/p
Parafarmacia,Kit blanqueador flash White Kiss 12 ml.,"32,20 €","32,20 €/ud",https://www.carrefour.es/supermercado/kit-blanqueador-flash-white-kiss-12-ml-white-kiss/R-590511850/p
Parafarmacia,Cepillo dental sensitive Phb 1 ud.,"5,50 €","5,50 €/ud",https://www.carrefour.es/supermercado/cepillo-dental-sensitive-phb-1-ud-phb/R-590512120/p
Parafarmacia,Crema Adhesiva Fresh Kukident 47 g.,"7,40 €","15,74 €/100g",https://www.carrefour.es/supermercado/crema-adhesiva-fresh-kukident-47-g-kukident/R-590512412/p
Parafarmacia,Turboslim Cronoactive Forte Forté Pharma 56 comprimidos.,"29,80 €","74,50 €/100g",https://www.carrefour.es/supermercado/turboslim-cronoactive-forte-forte-pharma-56-comprimidos-forte-pharma/R-646502619/p
Parafarmacia,Cuidado del contorno de ojos antiarrugas Liftactiv Vichy 15 ml.,"22,10 €","22,10 €/ud",https://www.carrefour.es/supermercado/cuidado-del-contorno-de-ojos-antiarrugas-liftactiv-vichy-15-ml-vichy/R-650803642/p
Parafarmacia,Crema exfoliante visibly clear spot proofing Neutrogena 150 ml.,"16,15 €","10,77 €/100ml",https://www.carrefour.es/supermercado/crema-exfoliante-visibly-clear-spot-proofing-neutrogena-150-ml-neutrogena/R-prod550184/p
Parafarmacia,Crema antienvejecimiento para piel seca Reti Age 50 ml.,"36,60 €","73,20 €/100ml",https://www.carrefour.es/supermercado/crema-antienvejecimiento-para-piel-seca-reti-age-50-ml-reti-age/R-791634907/p
Parafarmacia,Concentrado antiarrugas Pro-Correct Roc 30 ml.,"29,50 €","98,33 €/100ml",https://www.carrefour.es/supermercado/concentrado-antiarrugas-pro-correct-roc-30-ml-roc/R-794748775/p
Parafarmacia,Crema reafirmante Pro-Define Roc 50 ml.,"31,50 €","63,00 €/100ml",https://www.carrefour.es/supermercado/crema-reafirmante-pro-define-roc-50-ml-roc/R-795189280/p
Parafarmacia,Crema emoliente facial letiAT4 FP 20 Leti Laboratorios 50 ml.,"13,45 €","26,90 €/100ml",https://www.carrefour.es/supermercado/crema-emoliente-facial-letiat4-fp-20-leti-laboratorios-50-ml-leti-laboratorios/R-799398340/p
Parafarmacia,Crema Aquaporin Active para piel normal y mixta 50 ml. Eucerin 1 ud.,"19,20 €","38,40 €/100ml",https://www.carrefour.es/supermercado/crema-aquaporin-active-para-piel-normal-y-mixta-50-ml-eucerin-1-ud-eucerin/R-801412203/p
Parafarmacia,Acondicionador redensificante antiedad Go Organic + Farma Dorsch 200 ml.,"27,20 €","13,60 €/100ml",https://www.carrefour.es/supermercado/acondicionador-redensificante-antiedad-go-organic-farma-dorsch-200-ml-farma-dorsch/R-804031769/p
Parafarmacia,Quemagrasas 15 días choque Lipograsil 1 ud.,"26,05 €","16,28 €/100g",https://www.carrefour.es/supermercado/quemagrasas-15-dias-choque-lipograsil-1-ud-lipograsil/R-819114948/p
Parafarmacia,Crema adhesiva premium para dentaduras postizas Kukident 40 g.,"7,40 €","7,40 €/ud",https://www.carrefour.es/supermercado/crema-adhesiva-premium-para-dentaduras-postizas-kukident-40-g-kukident/R-prod66274/p
Parafarmacia,Tratamiento para uñas Anti-hongos Dr. Scholl 1 ud.,"20,45 €","20,45 €/ud",https://www.carrefour.es/supermercado/tratamiento-para-unas-anti-hongos-dr-scholl-1-ud-dr-scholl/R-609203566/p
Parafarmacia,"Loción que Elimina Piojos y Liendres ""Fullmarks"" 100 ml","20,20 €","20,20 €/100ml",https://www.carrefour.es/supermercado/locion-que-elimina-piojos-y-liendres-fullmarks-100-ml-full-marks/R-609302192/p
Parafarmacia,Biberón con tetina anti-cólico 0-6 meses Nuk Disney 150 ml.,"7,15 €","7,15 €/ud",https://www.carrefour.es/supermercado/biberon-con-tetina-anti-colico-0-6-meses-nuk-disney-150-ml-nuk/R-590501894/p
Parafarmacia,Spray acondicionador antipiojos Neositrín Protect 250 ml.,"11,95 €","4,78 €/100ml",https://www.carrefour.es/supermercado/spray-acondicionador-antipiojos-neositrin-protect-250-ml-neositrin-protect/R-804037802/p
Parafarmacia,Serum con ácido hialurónico acción rejuvenecedora Xensium 30 ml.,"15,55 €","51,83 €/100ml",https://www.carrefour.es/supermercado/serum-con-acido-hialuronico-accion-rejuvenecedora-xensium-30-ml/R-prod62322/p
Parafarmacia,Cadenita sujeta chupetes Disney Nuk 1 ud.,"4,90 €","4,90 €/ud",https://www.carrefour.es/supermercado/cadenita-sujeta-chupetes-disney-nuk-1-ud-nuk/R-590502654/p
Parafarmacia,Champú sólido 2 en 1 Ecológico Fortaleza Dr. Tree 75 gr.,"10,45 €","13,93 €/100g",https://www.carrefour.es/supermercado/champu-solido-2-en-1-ecologico-fortaleza-dr-tree-75-gr/R-VC4AECOMM-550818/p
Parafarmacia,Tinte Classic 7C Rubio Ceniza Farmatint 1 ud.,"8,30 €","8,30 €/ud",https://www.carrefour.es/supermercado/tinte-classic-7c-rubio-ceniza-farmatint-1-ud-farmatint/R-836259868/p
Parafarmacia,Comprimidos activo 50+ con antioxidantes Supradyn 30 comprimidos.,"12,60 €","11,25 €/100g",https://www.carrefour.es/supermercado/comprimidos-activo-50-con-antioxidantes-supradyn-30-comprimidos-supradyn/R-prod240548/p
Parafarmacia,Antiaging Hialuronic cápsulas Sanon 60 cápsulas.,"9,65 €","27,03 €/100g",https://www.carrefour.es/supermercado/antiaging-hialuronic-capsulas-sanon-60-capsulas-sanon/R-prod212244/p
Parafarmacia,"Complemento alimenticio con zinc Desincap Sanon 32,7 g.","5,70 €","17,43 €/100g",https://www.carrefour.es/supermercado/complemento-alimenticio-con-zinc-desincap-sanon-32-7-g-sanon/R-prod262009/p
Parafarmacia,Gel higiene íntima balsámico Lactacyd 250 ml.,"9,40 €","3,76 €/100ml",https://www.carrefour.es/supermercado/gel-higiene-intima-balsamico-lactacyd-250-ml-lactacyd/R-prod211287/p
Parafarmacia,Colágeno hidrolizado Phytofarma 400 comprimidos.,"20,00 €","5,00 €/100g",https://www.carrefour.es/supermercado/colageno-hidrolizado-phytofarma-400-comprimidos-phytofarma/R-prod231289/p
Parafarmacia,Complemento alimenticio ginseng rojo coereano Sanon 90 cpsulas.,"11,15 €","2,03 €/100g",https://www.carrefour.es/supermercado/complemento-alimenticio-ginseng-rojo-coereano-sanon-90-cpsulas-sanon/R-prod860318/p
Parafarmacia,Leche infantil de continuación desde 6 meses Almirón Advance Prosyneo 2 800 g.,"22,00 €","27,50 €/kg",https://www.carrefour.es/supermercado/leche-infantil-de-continuacion-desde-6-meses-almiron-advance-prosyneo-2-800-g-almiron/R-prod860717/p
Parafarmacia,Gel íntimo dermoprotector Ecológico Dr. Tree 300 ml.,"10,45 €","3,48 €/100ml",https://www.carrefour.es/supermercado/gel-intimo-dermoprotector-ecologico-dr-tree-300-ml/R-VC4AECOMM-423186/p
Parafarmacia,Tetina de flujo medio desde 3 meses Avent 2 ud.,"5,10 €","2,55 €/ud",https://www.carrefour.es/supermercado/tetina-de-flujo-medio-desde-3-meses-avent-2-ud-avent/R-590508214/p
Parafarmacia,Colorante en gel bigote y barba negro Just for Men 15 ml.,"10,45 €","69,67 €/100ml",https://www.carrefour.es/supermercado/colorante-en-gel-bigote-y-barba-negro-just-for-men-15-ml/R-VC4AECOMM-570398/p
Parafarmacia,Colorante en champú moreno Just for Men 30 ml.,"10,45 €","34,83 €/100ml",https://www.carrefour.es/supermercado/colorante-en-champu-moreno-just-for-men-30-ml/R-VC4AECOMM-570406/p
Parafarmacia,Colorante en champú castaño oscuro Just for Men 30 ml.,"10,55 €","35,17 €/100ml",https://www.carrefour.es/supermercado/colorante-en-champu-castano-oscuro-just-for-men-30-ml/R-VC4AECOMM-570422/p
Parafarmacia,Colorante en champú castaño medio Just for Men 30 ml.,"10,45 €","34,83 €/100ml",https://www.carrefour.es/supermercado/colorante-en-champu-castano-medio-just-for-men-30-ml/R-VC4AECOMM-570461/p
Parafarmacia,Lecitina de soja perlas Phytofarma 240 ud.,"12,00 €","5,43 €/100g",https://www.carrefour.es/supermercado/lecitina-de-soja-perlas-phytofarma-240-ud-phytofarma/R-590509860/p
Parafarmacia,Onagra mas vitamina e perlas Phytofarma 450 cápsulas.,"24,55 €","7,18 €/100g",https://www.carrefour.es/supermercado/onagra-mas-vitamina-e-perlas-phytofarma-450-capsulas-phytofarma/R-590509862/p
Parafarmacia,Chupete tetina de látex anatómica 6-18 meses Nuk 2 ud.,"5,25 €","2,62 €/ud",https://www.carrefour.es/supermercado/chupete-tetina-de-latex-anatomica-6-18-meses-nuk-2-ud-nuk/R-627307032/p
Parafarmacia,Lendrera metálica elimina piojos y liendres Paranix 1 ud.,"9,05 €","9,05 €/ud",https://www.carrefour.es/supermercado/lendrera-metalica-elimina-piojos-y-liendres-paranix-1-ud-paranix/R-836507253/p
Parafarmacia,Biberón con tetina redonda de silicona flujo papilla desde 4 meses Suavinex 360 ml. 1 ud.,"11,25 €","11,25 €/ud",https://www.carrefour.es/supermercado/biberon-con-tetina-redonda-de-silicona-flujo-papilla-desde-4-meses-suavinex-360-ml-1-ud-suavinex/R-prod270970/p
Parafarmacia,Mascarilla antiedad Time Prevent para piel madura Facialderm 1 ud.,"6,30 €","6,30 €/ud",https://www.carrefour.es/supermercado/mascarilla-antiedad-time-prevent-para-piel-madura-facialderm-1-ud-facialderm/R-prod73521/p
Parafarmacia,Ampollas tratamiento cabello Xensium 12 ud.,"13,15 €","12,18 €/100ml",https://www.carrefour.es/supermercado/ampollas-tratamiento-cabello-xensium-12-ud-xensium/R-prod262033/p
Parafarmacia,Serum ácido glicólico hidroácido Xensium 30 ml.,"7,50 €","25,00 €/100ml",https://www.carrefour.es/supermercado/serum-acido-glicolico-hidroacido-xensium-30-ml-xensium/R-prod62320/p
Parafarmacia,Aceite de Rosa Mosqueta Sanon 30 ml.,"13,35 €","44,50 €/100ml",https://www.carrefour.es/supermercado/aceite-de-rosa-mosqueta-sanon-30-ml-sanon/R-prod62664/p
Parafarmacia,Serum lifting y antiestres 01 Facialderm 30 ml.,"26,00 €","86,67 €/100ml",https://www.carrefour.es/supermercado/serum-lifting-y-antiestres-01-facialderm-30-ml-facialderm/R-fprod1190022/p
Parafarmacia,Magnesio Bisglicinato Sanon 100 cápsulas,"8,00 €","14,55 €/100g",https://www.carrefour.es/supermercado/magnesio-bisglicinato-sanon-100-capsulas-sanon/R-fprod1230248/p
Parafarmacia,Tetina de silicona boca ancha desde 3 meses Dr. Brown´s 2 ud.,"5,60 €","2,80 €/ud",https://www.carrefour.es/supermercado/tetina-de-silicona-boca-ancha-desde-3-meses-dr-browns-2-ud-dr-browns/R-699308852/p
Parafarmacia,Solución única para lentes de contacto blandas Solupharm 60 ml.,"3,00 €","5,00 €/100ml",https://www.carrefour.es/supermercado/solucion-unica-para-lentes-de-contacto-blandas-solupharm-60-ml-solupharm/R-699507863/p
Parafarmacia,Caramelo de hierbas sin azúcar Ricola Multi-Active 51 g.,"3,65 €","7,16 €/100g",https://www.carrefour.es/supermercado/caramelo-de-hierbas-sin-azucar-ricola-multi-active-51-g-ricola/R-fprod1470265/p
Parafarmacia,Gel higienizante de manos Lactyferrin Sesderma 500 ml.,"14,55 €","2,91 €/100ml",https://www.carrefour.es/supermercado/gel-higienizante-de-manos-lactyferrin-sesderma-500-ml/R-VC4AECOMM-496847/p
Parafarmacia,Crema diaria 2 en 1 Vagisil 15 gr.,"7,30 €","48,67 €/100g",https://www.carrefour.es/supermercado/crema-diaria-2-en-1-vagisil-15-gr/R-VC4AECOMM-607914/p
Parafarmacia,Gel hidratante vaginal efecto calor Vagisil 30 g.,"9,05 €","30,17 €/100g",https://www.carrefour.es/supermercado/gel-hidratante-vaginal-efecto-calor-vagisil-30-g-vagisil/R-590510956/p
Parafarmacia,Stick anticelulítico zonas rebeldes Thiomucase 75 ml.,"25,45 €","33,93 €/100ml",https://www.carrefour.es/supermercado/stick-anticelulitico-zonas-rebeldes-thiomucase-75-ml-thiomucase/R-prod64790/p
Parafarmacia,Protector labial neutral FP 30 Luxilips 1 ud.,"2,10 €","50,00 €/100g",https://www.carrefour.es/supermercado/protector-labial-neutral-fp-30-luxilips-1-ud-luxilips/R-764435760/p
Parafarmacia,Protector labial cherry FP 30 Luxilips 1 ud.,"2,10 €","50,00 €/100g",https://www.carrefour.es/supermercado/protector-labial-cherry-fp-30-luxilips-1-ud-luxilips/R-764435865/p
Parafarmacia,Gafas presbicia + 1.00 Vannali 1 ud.,"7,40 €","7,40 €/ud",https://www.carrefour.es/supermercado/gafas-presbicia-100-vannali-1-ud-vannali/R-prod224644/p
Parafarmacia,Gafas presbicia tendencia + 1.00 Vannali 1 ud.,"8,35 €","8,35 €/ud",https://www.carrefour.es/supermercado/gafas-presbicia-tendencia-100-vannali-1-ud-vannali/R-prod261405/p
Parafarmacia,Broche pinza ovalada para bebé Suavinex 1 ud.,"4,90 €","4,90 €/ud",https://www.carrefour.es/supermercado/broche-pinza-ovalada-para-bebe-suavinex-1-ud-suavinex/R-590511914/p
Parafarmacia,Chupete tetina de látex anatómico desde 12 meses Chicco 2 ud.,"4,65 €","4,65 €/ud",https://www.carrefour.es/supermercado/chupete-tetina-de-latex-anatomico-desde-12-meses-chicco-2-ud-chicco/R-prod430090/p
Parafarmacia,Protectores auditivos de silicona moldeada Solupharm 2 ud.,"2,70 €","1,35 €/ud",https://www.carrefour.es/supermercado/protectores-auditivos-de-silicona-moldeada-solupharm-2-ud-solupharm/R-789702723/p
Parafarmacia,Champú antiedad Clearé Institute 400 ml.,"10,65 €","2,66 €/100ml",https://www.carrefour.es/supermercado/champu-antiedad-cleare-institute-400-ml-cleare-institute/R-835176215/p
Parafarmacia,Complemento alimenticio Reishi Sanon 90 cápsulas.,"6,10 €","13,56 €/100g",https://www.carrefour.es/supermercado/complemento-alimenticio-reishi-sanon-90-capsulas-sanon/R-836507145/p
Parafarmacia,Biberón 240 ml de Boca Ancha Dr Brown,"10,25 €","10,25 €/ud",https://www.carrefour.es/supermercado/biberon-240-ml-de-boca-ancha-dr-brown-dr-browns/R-prod230751/p
Parafarmacia,Mascarilla detox anti imperfecciones Facialderm 1 ud.,"5,35 €","5,35 €/ud",https://www.carrefour.es/supermercado/mascarilla-detox-anti-imperfecciones-facialderm-1-ud-facialderm/R-prod870012/p
Parafarmacia,Repelente antipiojos ZZ 125 ml.,"7,25 €","5,80 €/100ml",https://www.carrefour.es/supermercado/repelente-antipiojos-zz-125-ml-zz/R-prod870658/p
Parafarmacia,Leche corporal triple efecto Redumodel 400 ml.,"6,30 €","1,57 €/100ml",https://www.carrefour.es/supermercado/leche-corporal-triple-efecto-redumodel-400-ml-redumodel/R-prod870991/p
Parafarmacia,Complemento alimenticio Vitalité 4 Forté Pharma - Energy 20 ud.,"15,95 €","4,71 €/100ml",https://www.carrefour.es/supermercado/complemento-alimenticio-vitalite-4-forte-pharma-energy-20-ud-forte-pharma-energy/R-675701713/p
Parafarmacia,Termómetro digital frozen Farmamded 1 ud.,"10,45 €","10,45 €/ud",https://www.carrefour.es/supermercado/termometro-digital-frozen-farmamded-1-ud/R-prod910024/p
Parafarmacia,Termómetro digital spider-man Farmamed 1 ud.,"10,45 €","10,45 €/ud",https://www.carrefour.es/supermercado/termometro-digital-spider-man-farmamed-1-ud/R-prod910059/p
Parafarmacia,Atopic piel champú capilar Ferrer 200 ml.,"13,90 €","6,95 €/100ml",https://www.carrefour.es/supermercado/atopic-piel-champu-capilar-ferrer-200-ml-ferrer/R-677310515/p
Parafarmacia,Tratamiento anticelulítico 15 días Somatoline Cosmetic 250 ml.,"39,40 €","15,76 €/100ml",https://www.carrefour.es/supermercado/tratamiento-anticelulitico-15-dias-somatoline-cosmetic-250-ml-somatoline-cosmetic/R-prod920369/p
Parafarmacia,Champú Paranix 200 ml,"13,25 €","6,62 €/100ml",https://www.carrefour.es/supermercado/champu-paranix-200-ml-paranix/R-679301828/p
Parafarmacia,Vigor Él cápsulas Aquilea 60 cápsulas.,"22,10 €","69,06 €/100g",https://www.carrefour.es/supermercado/vigor-el-capsulas-aquilea-60-capsulas-aquilea/R-682908862/p
Parafarmacia,Dentífrico all in one coolmint Yotuel 75 ml.,"11,85 €","15,80 €/100ml",https://www.carrefour.es/supermercado/dentifrico-all-in-one-coolmint-yotuel-75-ml-yotuel/R-686501877/p
Parafarmacia,Triptófano en cápsulas Sanon 60 ud.,"13,80 €","30,67 €/100g",https://www.carrefour.es/supermercado/triptofano-en-capsulas-sanon-60-ud-sanon/R-prod211596/p
Parafarmacia,Complemento alimenticio para el cabello y las uñas Forte Pilexil Cápsulas pack de 2 unidades de 100 ml.,"45,80 €","22,90 €/100ml",https://www.carrefour.es/supermercado/complemento-alimenticio-para-el-cabello-y-las-unas-forte-pilexil-capsulas-pack-de-2-unidades-de-100-ml/R-prod130214/p
Parafarmacia,Pomada reparadora para piel seca aquaphor Eucerin 220 ml.,"17,95 €","8,16 €/100ml",https://www.carrefour.es/supermercado/pomada-reparadora-para-piel-seca-aquaphor-eucerin-220-ml-eucerin/R-prod1020261/p
Parafarmacia,Loción urea repair plus Eucerin 1l.,"23,20 €","2,32 €/100ml",https://www.carrefour.es/supermercado/locion-urea-repair-plus-eucerin-1l-eucerin/R-prod1020221/p
Parafarmacia,Complemento alimenticio de jalea real con vitaminas en cápsulas Apisérum sin lactosa 30 ud.,"18,80 €","36,15 €/100g",https://www.carrefour.es/supermercado/complemento-alimenticio-de-jalea-real-con-vitaminas-en-capsulas-apiserum-sin-lactosa-30-ud-apiserum/R-prod1023471/p
Parafarmacia,Tratamiento para rejuvenecimiento de la piel Sambhala 30 comprimidos.,"44,50 €","144,95 €/100g",https://www.carrefour.es/supermercado/tratamiento-para-rejuvenecimiento-de-la-piel-sambhala-30-comprimidos-sambhala/R-590502852/p
Parafarmacia,Cistitus comprimidos Aquilea 30 comprimidos.,"19,65 €","54,58 €/100g",https://www.carrefour.es/supermercado/cistitus-comprimidos-aquilea-30-comprimidos-aquilea/R-590503046/p
Parafarmacia,Crema Brazos reafirmante Tyalocare 225 ml.,"10,45 €","4,64 €/100ml",https://www.carrefour.es/supermercado/crema-brazos-reafirmante-tyalocare-225-ml-tyalocare/R-prod1140324/p
Parafarmacia,Loción Talquistina 200 ml.,"11,75 €","5,87 €/100ml",https://www.carrefour.es/supermercado/locion-talquistina-200-ml-talquistina/R-fprod1180314/p
Parafarmacia,Biberón con tetina de látex 3 posiciones desde 0 meses Suavinex 270 ml.,"8,05 €","8,05 €/ud",https://www.carrefour.es/supermercado/biberon-con-tetina-de-latex-3-posiciones-desde-0-meses-suavinex-270-ml-suavinex/R-627801638/p
Parafarmacia,Complemento alimenticio de vainilla Pediasure Drink pack de 4 unidades de 200 ml.,"7,65 €","9,56 €/l",https://www.carrefour.es/supermercado/complemento-alimenticio-de-vainilla-pediasure-drink-pack-de-4-unidades-de-200-ml-pediasure/R-fprod1190061/p
Parafarmacia,Reductor intensivo 7 noches Somatoline Cosmetic 400 ml.,"44,95 €","11,24 €/100ml",https://www.carrefour.es/supermercado/reductor-intensivo-7-noches-somatoline-cosmetic-400-ml-somatoline-cosmetic/R-prod810712/p
Parafarmacia,Crema color permanente Colour Clinuance 1.0 Negro Clearé Institute 1 ud.,"5,85 €","5,85 €/ud",https://www.carrefour.es/supermercado/crema-color-permanente-colour-clinuance-10-negro-cleare-institute-1-ud-cleare-institute/R-prod170063/p
Parafarmacia,Crema color permanente Colour Clinuance 5.34 Castaño Claro Luminoso Clearé Institute 1 ud.,"5,85 €","5,85 €/ud",https://www.carrefour.es/supermercado/crema-color-permanente-colour-clinuance-534-castano-claro-luminoso-cleare-institute-1-ud-cleare-institute/R-prod170300/p
Parafarmacia,Crema color permanente Colour Clinuance 8.0 Rubio Claro Clearé Institute 1 ud.,"5,85 €","5,85 €/ud",https://www.carrefour.es/supermercado/crema-color-permanente-colour-clinuance-80-rubio-claro-cleare-institute-1-ud-cleare-institute/R-prod170339/p
Parafarmacia,Crema color permanente Colour Clinuance 9.0 Rubio muy Claro Clearé Institute 1 ud.,"5,85 €","5,85 €/ud",https://www.carrefour.es/supermercado/crema-color-permanente-colour-clinuance-90-rubio-muy-claro-cleare-institute-1-ud-cleare-institute/R-prod170329/p
Parafarmacia,Solución para dieta Svetol & Biotina 24 ud.,"10,40 €","10,83 €/100g",https://www.carrefour.es/supermercado/solucion-para-dieta-svetol-biotina-24-ud-bio3/R-590504112/p
Parafarmacia,Crema intensa Hydraphase La Roche-Posay 1 ud.,"22,20 €","55,50 €/100ml",https://www.carrefour.es/supermercado/crema-intensa-hydraphase-la-roche-posay-1-ud-la-roche-posay/R-583401609/p
Parafarmacia,Crema Rosaliac UV ligera hidratante anti-rojeces La Roche-Posay 1 ud.,"20,05 €","50,12 €/100ml",https://www.carrefour.es/supermercado/crema-rosaliac-uv-ligera-hidratante-anti-rojeces-la-roche-posay-1-ud-la-roche-posay/R-590505710/p
Parafarmacia,Reductor intensivo noche Somatoline 450 ml.,"44,95 €","9,99 €/100ml",https://www.carrefour.es/supermercado/reductor-intensivo-noche-somatoline-450-ml-somatoline/R-659101952/p
Parafarmacia,Chupete anatómico de látex desde 12 meses Suavinex 2 ud.,"6,60 €","3,30 €/ud",https://www.carrefour.es/supermercado/chupete-anatomico-de-latex-desde-12-meses-suavinex-2-ud-suavinex/R-663301851/p
