Category,Product Name,Product Price,Per Unit Price,URL
El-Mercado,Zanahoria Carrefour 1 kg,"0,65 €","0,65 €/kg",https://www.carrefour.es/supermercado/zanahoria-carrefour-1-kg/R-fprod1410012/p
El-Mercado,Banana a granel 1 Kg aprox,"1,19 €","0,89 €/kg",https://www.carrefour.es/supermercado/zanahoria-carrefour-1-kg/R-fprod1410012/p
El-Mercado,Cebolla Carrefour 1 Kg,"1,49 €","1,19 €/kg",https://www.carrefour.es/supermercado/banana-a-granel-1-kg-aprox-carrefour/R-529921745/p
El-Mercado,Calabacín Carrefour a granel 1 kg aprox,"2,15 €","1,49 €/kg",https://www.carrefour.es/supermercado/banana-a-granel-1-kg-aprox-carrefour/R-529921745/p
El-Mercado,Plátano de Canarias Carrefour 1 Kg aprox,"1,29 €","2,15 €/kg",https://www.carrefour.es/supermercado/cebolla-carrefour-1-kg-carrefour/R-521032276/p
El-Mercado,Patata lavada Carrefour 5 Kg,"1,45 €","0,79 €/kg",https://www.carrefour.es/supermercado/cebolla-carrefour-1-kg-carrefour/R-521032276/p
El-Mercado,Pimiento verde Italiano 500 g,"1,61 €","2,58 €/kg",https://www.carrefour.es/supermercado/calabacin-carrefour-a-granel-1-kg-aprox/R-VC4AECOMM-431967/p
El-Mercado,Ajo Calidad y Origen Carrefour 250 g,"1,65 €","5,80 €/kg",https://www.carrefour.es/supermercado/calabacin-carrefour-a-granel-1-kg-aprox/R-VC4AECOMM-431967/p
El-Mercado,Puerro manojo de 500 g,"2,15 €","3,22 €/kg",https://www.carrefour.es/supermercado/platano-de-canarias-carrefour-1-kg-aprox-carrefour/R-fprod1320278/p
El-Mercado,Naranja 4 kg,"1,39 €","0,75 €/kg",https://www.carrefour.es/supermercado/platano-de-canarias-carrefour-1-kg-aprox-carrefour/R-fprod1320278/p
El-Mercado,Cebolla 2 Kg,"1,20 €","0,82 €/kg",https://www.carrefour.es/supermercado/patata-lavada-carrefour-5-kg-carrefour/R-525888361/p
El-Mercado,Tomate rama Carrefour 1 Kg aprox,"3,20 €","1,35 €/kg",https://www.carrefour.es/supermercado/patata-lavada-carrefour-5-kg-carrefour/R-525888361/p
El-Mercado,Uva blanca sin pepitas Carrefour bandeja 500 g,"4,98 €","4,30 €/kg",https://www.carrefour.es/supermercado/pimiento-verde-italiano-500-g/R-527030823/p
El-Mercado,Judía verde plana Cat 1ª malla 500 g,"0,72 €","2,78 €/kg",https://www.carrefour.es/supermercado/pimiento-verde-italiano-500-g/R-527030823/p
El-Mercado,Queso mozzarella rallada Carrefour 200 g.,"1,55 €","6,00 €/kg",https://www.carrefour.es/supermercado/ajo-calidad-y-origen-carrefour-250-g-calidad-y-origen-carrefour/R-521031667/p
El-Mercado,Pechuga de pollo fileteada Roler 320 g,"0,95 €","3,20 €/ud",https://www.carrefour.es/supermercado/ajo-calidad-y-origen-carrefour-250-g-calidad-y-origen-carrefour/R-521031667/p
El-Mercado,Kiwi Zespri 1 Kg aprox,"1,11 €","2,99 €/kg",https://www.carrefour.es/supermercado/puerro-manojo-de-500-g/R-521032287/p
El-Mercado,Mandarina Carrefour a granel 500 g aprox,"1,85 €","1,29 €/kg",https://www.carrefour.es/supermercado/puerro-manojo-de-500-g/R-521032287/p
El-Mercado,"Pimiento tricolor, rojo, verde, amarillo 500 g","1,65 €","2,00 €/kg",https://www.carrefour.es/supermercado/pimiento-tricolor-rojo-verde-amarillo-500-g/R-521032230/p
El-Mercado,Tomate ensalada 1 Kg aprox,"1,99 €","1,65 €/kg",https://www.carrefour.es/supermercado/pimiento-tricolor-rojo-verde-amarillo-500-g/R-521032230/p
El-Mercado,Pimiento rojo Carrefour 1 kg,"0,79 €","1,99 €/kg",https://www.carrefour.es/supermercado/tomate-ensalada-1-kg-aprox/R-530067024/p
El-Mercado,Lechuga iceberg Carrefour 1 ud,"1,17 €","0,79 €/ud",https://www.carrefour.es/supermercado/tomate-ensalada-1-kg-aprox/R-530067024/p
El-Mercado,Mango Carrefour a granel 500 g aprox,"1,13 €","2,35 €/kg",https://www.carrefour.es/supermercado/pimiento-rojo-carrefour-1-kg/R-VC4AECOMM-596176/p
El-Mercado,Solomillo de cerdo Carrefour 2 ud 1 kg aprox,"1,76 €","5,89 €/kg",https://www.carrefour.es/supermercado/pimiento-rojo-carrefour-1-kg/R-VC4AECOMM-596176/p
El-Mercado,Queso gouda holland en lonchas Carrefour 200 g.,"1,69 €","5,65 €/kg",https://www.carrefour.es/supermercado/lechuga-iceberg-carrefour-1-ud-carrefour/R-fprod1190510/p
El-Mercado,Queso rallado cuatro quesos Carrefour 200 g.,"1,99 €","8,80 €/kg",https://www.carrefour.es/supermercado/lechuga-iceberg-carrefour-1-ud-carrefour/R-fprod1190510/p
El-Mercado,Manzana royal gala Calidad y Origen Carrefour 1 Kg aprox,"2,09 €","1,69 €/kg",https://www.carrefour.es/supermercado/mango-carrefour-a-granel-500-g-aprox/R-VC4AECOMM-430552/p
El-Mercado,Puerro Calidad y Origen Carrefour 500 g,"3,86 €","3,98 €/kg",https://www.carrefour.es/supermercado/mango-carrefour-a-granel-500-g-aprox/R-VC4AECOMM-430552/p
El-Mercado,Clementina Malla 2 kg,"1,59 €","1,04 €/kg",https://www.carrefour.es/supermercado/solomillo-de-cerdo-carrefour-2-ud-1-kg-aprox-carrefour/R-522714133/p
El-Mercado,Mandarina selecta 1 Kg aprox,"0,59 €","2,39 €/kg",https://www.carrefour.es/supermercado/solomillo-de-cerdo-carrefour-2-ud-1-kg-aprox-carrefour/R-522714133/p
El-Mercado,Jamoncitos de pollo Carrefour 1 kg aprox,"0,78 €","3,86 €/kg",https://www.carrefour.es/supermercado/queso-gouda-holland-en-lonchas-carrefour-200-g/R-521030730/p
El-Mercado,Limón Carrefour 750 g,"4,02 €","1,85 €/kg",https://www.carrefour.es/supermercado/limon-carrefour-750-g-carrefour/R-808725796/p
El-Mercado,Espetec Casa Tarradellas pack de 2 unidades de 180 g.,"3,99 €","11,17 €/kg",https://www.carrefour.es/supermercado/limon-carrefour-750-g-carrefour/R-808725796/p
El-Mercado,Pechuga de pollo certificado fileteado Carrefour 500 g aprox,"3,86 €","7,99 €/kg",https://www.carrefour.es/supermercado/espetec-casa-tarradellas-pack-de-2-unidades-de-180-g-casa-tarradellas/R-521030841/p
El-Mercado,Filete de Merluza del Cabo Carrefour 600 g.,"2,39 €","6,43 €/kg",https://www.carrefour.es/supermercado/espetec-casa-tarradellas-pack-de-2-unidades-de-180-g-casa-tarradellas/R-521030841/p
El-Mercado,Espárrago verde manojo de 300 g,"1,86 €","7,97 €/kg",https://www.carrefour.es/supermercado/pechuga-de-pollo-certificado-fileteado-carrefour-500-g-aprox-carrefour/R-791562919/p
El-Mercado,Naranja Saco 6 kg,"3,59 €","0,55 €/kg",https://www.carrefour.es/supermercado/pechuga-de-pollo-certificado-fileteado-carrefour-500-g-aprox-carrefour/R-791562919/p
El-Mercado,Cintas de bacon Casa Tarradellas pack de 2 unidades de 100 g.,"0,74 €","9,30 €/kg",https://www.carrefour.es/supermercado/filete-de-merluza-del-cabo-carrefour-600-g-carrefour/R-818615190/p
El-Mercado,Patata 5 Kg,"2,24 €","0,72 €/kg",https://www.carrefour.es/supermercado/filete-de-merluza-del-cabo-carrefour-600-g-carrefour/R-818615190/p
El-Mercado,Manzana fuji Calidad y Origen Carrefour a granel 500 g aprox,"1,15 €","1,49 €/kg",https://www.carrefour.es/supermercado/esparrago-verde-manojo-de-300-g/R-694303869/p
El-Mercado,Costilla de cerdo semicarnuda Carrefour 500 g aprox,"3,75 €","4,49 €/kg",https://www.carrefour.es/supermercado/esparrago-verde-manojo-de-300-g/R-694303869/p
El-Mercado,Cebolla roja Carrefour 500 g,"2,00 €","2,30 €/kg",https://www.carrefour.es/supermercado/naranja-saco-6-kg-carrefour/R-592100853/p
El-Mercado,Dorada de ración 500 g aprox,"1,00 €","7,50 €/kg",https://www.carrefour.es/supermercado/naranja-saco-6-kg-carrefour/R-592100853/p
El-Mercado,Plátano de Canarias Coplaca bandeja 5 uds,"4,98 €","0,40 €/ud",https://www.carrefour.es/supermercado/cintas-de-bacon-casa-tarradellas-pack-de-2-unidades-de-100-g-casa-tarradellas/R-521031064/p
El-Mercado,Tomate cherry Carrefour 250 g,"1,13 €","4,00 €/kg",https://www.carrefour.es/supermercado/cintas-de-bacon-casa-tarradellas-pack-de-2-unidades-de-100-g-casa-tarradellas/R-521031064/p
El-Mercado,Pan de molde sin corteza buenisimo Bimbo 450 g.,"1,15 €","4,42 €/kg",https://www.carrefour.es/supermercado/patata-5-kg/R-prod871247/p
El-Mercado,Patata para cocer Carrefour 4 Kg,"1,13 €","1,24 €/kg",https://www.carrefour.es/supermercado/patata-5-kg/R-prod871247/p
El-Mercado,Guisantes Carrefour 1 kg.,"1,37 €","1,13 €/kg",https://www.carrefour.es/supermercado/manzana-fuji-calidad-y-origen-carrefour-a-granel-500-g-aprox/R-fprod1460462/p
El-Mercado,Cebolleta blanca manojo de 3 ud,"1,55 €","2,30 €/kg",https://www.carrefour.es/supermercado/manzana-fuji-calidad-y-origen-carrefour-a-granel-500-g-aprox/R-fprod1460462/p
El-Mercado,Queso edam holland en lonchas Carrefour 200 g.,"3,99 €","5,65 €/kg",https://www.carrefour.es/supermercado/costilla-de-cerdo-semicarnuda-carrefour-500-g-aprox-carrefour/R-prod231103/p
El-Mercado,Queso en lonchas Carrefour 400 g.,"3,99 €","3,43 €/kg",https://www.carrefour.es/supermercado/costilla-de-cerdo-semicarnuda-carrefour-500-g-aprox-carrefour/R-prod231103/p
El-Mercado,Calabaza cortada 500 g,"0,60 €","3,10 €/kg",https://www.carrefour.es/supermercado/cebolla-roja-carrefour-500-g-carrefour/R-521029168/p
El-Mercado,Queso rallado parmesano Carrefour 100 g.,"1,87 €","18,70 €/kg",https://www.carrefour.es/supermercado/queso-rallado-parmesano-carrefour-100-g-carrefour/R-522714749/p
El-Mercado,Cebolla dulce Carrefour 500 g,"1,75 €","3,50 €/kg",https://www.carrefour.es/supermercado/queso-rallado-parmesano-carrefour-100-g-carrefour/R-522714749/p
El-Mercado,Solomillo de pavo Carrefour duplo 600 g aprox,"1,05 €","5,80 €/kg",https://www.carrefour.es/supermercado/cebolla-dulce-carrefour-500-g-carrefour/R-521032281/p
El-Mercado,Barra de pan pistola Carrefour 3 ud de 250 g,"2,95 €","0,35 €/ud",https://www.carrefour.es/supermercado/cebolla-dulce-carrefour-500-g-carrefour/R-521032281/p
El-Mercado,Salmón ahumado Noruego Carrefour 100 g.,"3,90 €","29,50 €/kg",https://www.carrefour.es/supermercado/solomillo-de-pavo-carrefour-duplo-600-g-aprox-carrefour/R-prod920183/p
El-Mercado,Preparado de carne picada de vacuno Calidad y Origen Carrefour 400 g,"1,65 €","9,75 €/kg",https://www.carrefour.es/supermercado/solomillo-de-pavo-carrefour-duplo-600-g-aprox-carrefour/R-prod920183/p
El-Mercado,Queso havarti en lonchas Carrefour 200 g.,"0,77 €","8,25 €/kg",https://www.carrefour.es/supermercado/barra-de-pan-pistola-carrefour-3-ud-de-250-g-carrefour/R-575702279/p
El-Mercado,Croissants clásicos Carrefour 350 g.,"1,58 €","2,20 €/kg",https://www.carrefour.es/supermercado/barra-de-pan-pistola-carrefour-3-ud-de-250-g-carrefour/R-575702279/p
El-Mercado,Piña golden ripe 2 Kg aprox,"0,47 €","0,79 €/kg",https://www.carrefour.es/supermercado/salmon-ahumado-noruego-carrefour-100-g-carrefour/R-682701980/p
El-Mercado,Pan rallado Carrefour 500 g.,"2,17 €","0,94 €/kg",https://www.carrefour.es/supermercado/salmon-ahumado-noruego-carrefour-100-g-carrefour/R-682701980/p
El-Mercado,"Calabaza sepallo a granel 1,5 Kg aprox","1,88 €","1,45 €/kg",https://www.carrefour.es/supermercado/preparado-de-carne-picada-de-vacuno-calidad-y-origen-carrefour-400-g-calidad-y-origen-carrefour/R-prod1070062/p
El-Mercado,Salchichas Frankfurt Campofrío pack de 4 unidades de 140 g.,"2,25 €","3,36 €/kg",https://www.carrefour.es/supermercado/preparado-de-carne-picada-de-vacuno-calidad-y-origen-carrefour-400-g-calidad-y-origen-carrefour/R-prod1070062/p
El-Mercado,Carne de añojo troceada para guisar Calidad y Origen Carrefour 300 g aprox,"1,15 €","7,50 €/kg",https://www.carrefour.es/supermercado/queso-havarti-en-lonchas-carrefour-200-g-carrefour/R-521030719/p
El-Mercado,Pan de pueblo sin aditivos 800 g,"2,29 €","1,44 €/kg",https://www.carrefour.es/supermercado/queso-havarti-en-lonchas-carrefour-200-g-carrefour/R-521030719/p
El-Mercado,"Pechuga de pollo fileteada Carrefour 1,2 kg aprox","1,19 €","5,95 €/kg",https://www.carrefour.es/supermercado/croissants-clasicos-carrefour-350-g-carrefour/R-521007194/p
El-Mercado,Tomate kumato a granel 1 Kg aprox,"1,13 €","2,29 €/kg",https://www.carrefour.es/supermercado/croissants-clasicos-carrefour-350-g-carrefour/R-521007194/p
El-Mercado,Ensalada gourmet Carrefour 200 g,"0,99 €","5,95 €/kg",https://www.carrefour.es/supermercado/pina-golden-ripe-2-kg-aprox-carrefour/R-521032201/p
El-Mercado,Salmón Calidad y Origen Carrefour 1 ud de 3 kg aprox,"0,99 €","6,99 €/kg",https://www.carrefour.es/supermercado/pina-golden-ripe-2-kg-aprox-carrefour/R-521032201/p
El-Mercado,Croissants rellenos de crema de cacao Carrefour 360 g.,"5,50 €","3,14 €/kg",https://www.carrefour.es/supermercado/pan-rallado-carrefour-500-g-carrefour/R-805763833/p
El-Mercado,Queso de untar Carrefour 300 g.,"2,90 €","3,30 €/kg",https://www.carrefour.es/supermercado/pan-rallado-carrefour-500-g-carrefour/R-805763833/p
El-Mercado,Judías verdes planas Carrefour 1 kg.,"1,84 €","0,99 €/kg",https://www.carrefour.es/supermercado/calabaza-sepallo-a-granel-1-5-kg-aprox/R-529916709/p
El-Mercado,Mandarina Calidad y Origen Carrefour 1 kg,"1,55 €","1,59 €/kg",https://www.carrefour.es/supermercado/mandarina-calidad-y-origen-carrefour-1-kg/R-fprod1480013/p
El-Mercado,Tiras de bacon sabor ahumado Carrefour sin gluten pack de 2 unidades de 100 g.,"1,79 €","7,75 €/kg",https://www.carrefour.es/supermercado/mandarina-calidad-y-origen-carrefour-1-kg/R-fprod1480013/p
El-Mercado,Jamón cocido extra sin fosfatos Bonnatur Argal al corte 150 g aprox,"0,99 €","11,95 €/kg",https://www.carrefour.es/supermercado/tiras-de-bacon-sabor-ahumado-carrefour-sin-gluten-pack-de-2-unidades-de-100-g-carrefour/R-831313923/p
El-Mercado,Pan de molde sin corteza Carrefour 450 g.,"1,48 €","2,20 €/kg",https://www.carrefour.es/supermercado/tiras-de-bacon-sabor-ahumado-carrefour-sin-gluten-pack-de-2-unidades-de-100-g-carrefour/R-831313923/p
El-Mercado,Masa para empanadillas y postres Buitoni 280 g.,"0,93 €","5,29 €/kg",https://www.carrefour.es/supermercado/jamon-cocido-extra-sin-fosfatos-bonnatur-argal-al-corte-150-g-aprox-argal-bonnatur/R-536500299/p
El-Mercado,Pan de leche Carrefour 350 g.,"1,48 €","2,66 €/kg",https://www.carrefour.es/supermercado/jamon-cocido-extra-sin-fosfatos-bonnatur-argal-al-corte-150-g-aprox-argal-bonnatur/R-536500299/p
El-Mercado,Jamón cocido extra en lonchas finas 200 g,"1,55 €","7,40 €/kg",https://www.carrefour.es/supermercado/pan-de-molde-sin-corteza-carrefour-450-g/R-VC4AECOMM-443179/p
El-Mercado,Fresón tarrina 500 g,"2,27 €","3,78 €/kg",https://www.carrefour.es/supermercado/pan-de-molde-sin-corteza-carrefour-450-g/R-VC4AECOMM-443179/p
El-Mercado,Filetes de merluza sin piel Pescanova 400 g.,"0,78 €","10,55 €/kg",https://www.carrefour.es/supermercado/masa-para-empanadillas-y-postres-buitoni-280-g-buitoni/R-521030336/p
El-Mercado,Salchichas cocidas Wieners bocadillo Oscar Mayer 275 g.,"3,30 €","5,64 €/kg",https://www.carrefour.es/supermercado/masa-para-empanadillas-y-postres-buitoni-280-g-buitoni/R-521030336/p
El-Mercado,Preparado para cocido Carrefour 450 g aprox,"3,41 €","5,05 €/kg",https://www.carrefour.es/supermercado/promocion?promoId=promof2530060
El-Mercado,Pan de hamburguesa maxi Carrefour 4 ud.,"3,44 €","2,60 €/kg",https://www.carrefour.es/supermercado/pan-de-leche-carrefour-350-g-carrefour/R-prod550021/p
El-Mercado,Arándanos Carrefour 250 g,"3,39 €","13,20 €/kg",https://www.carrefour.es/supermercado/pan-de-leche-carrefour-350-g-carrefour/R-prod550021/p
El-Mercado,"Trozo de lomo de cerdo Carrefour 1,2 kg aprox","1,59 €","3,89 €/kg",https://www.carrefour.es/supermercado/jamon-cocido-extra-en-lonchas-finas-200-g-carrefour/R-fprod1200252/p
El-Mercado,Chuleta de pavo marinada al ajillo Kovo 600 g aprox,"0,99 €","5,69 €/kg",https://www.carrefour.es/supermercado/jamon-cocido-extra-en-lonchas-finas-200-g-carrefour/R-fprod1200252/p
El-Mercado,Pechuga de pavo Campofrío Finissimas 170 g.,"4,95 €","15,29 €/kg",https://www.carrefour.es/supermercado/freson-tarrina-500-g-carrefour/R-521032196/p
El-Mercado,Naranja Calidad y Origen a granel 1 Kg aprox,"5,45 €","1,19 €/kg",https://www.carrefour.es/supermercado/freson-tarrina-500-g-carrefour/R-521032196/p
El-Mercado,Contramuslo de pollo Carrefour 1 kg aprox,"1,70 €","3,44 €/kg",https://www.carrefour.es/supermercado/filetes-de-merluza-sin-piel-pescanova-400-g-pescanova/R-521031239/p
El-Mercado,Corazón de cogollos de lechuga 500 g,"1,79 €","3,58 €/kg",https://www.carrefour.es/supermercado/corazon-de-cogollos-de-lechuga-500-g-calidad-y-origen-carrefour/R-521032337/p
El-Mercado,Pan de molde rebanada estilo artesano Bimbo 600 g.,"0,87 €","3,50 €/kg",https://www.carrefour.es/supermercado/corazon-de-cogollos-de-lechuga-500-g-calidad-y-origen-carrefour/R-521032337/p
El-Mercado,Granada Carrefour a granel 500 g aprox,"0,67 €","1,75 €/kg",https://www.carrefour.es/supermercado/pan-de-molde-rebanada-estilo-artesano-bimbo-600-g-bimbo/R-829845014/p
El-Mercado,Panecillos para perritos calientes Carrefour 330 g.,"1,00 €","2,03 €/kg",https://www.carrefour.es/supermercado/pan-de-molde-rebanada-estilo-artesano-bimbo-600-g-bimbo/R-829845014/p
El-Mercado,Pan Carrefour 5 ud,"2,00 €","2,50 €/kg",https://www.carrefour.es/supermercado/promocion?promoId=promof2530056
El-Mercado,Queso rulo de cabra Carrefour 180 g,"2,75 €","11,11 €/kg",https://www.carrefour.es/supermercado/granada-carrefour-a-granel-500-g-aprox/R-fprod1480259/p
El-Mercado,Longaniza blanca fresca La Nuncia 500 g,"2,29 €","5,50 €/kg",https://www.carrefour.es/supermercado/granada-carrefour-a-granel-500-g-aprox/R-fprod1480259/p
El-Mercado,Pimiento verde 1 Kg,"1,35 €","2,29 €/kg",https://www.carrefour.es/supermercado/panecillos-para-perritos-calientes-carrefour-330-g-carrefour/R-fprod1230187/p
El-Mercado,Tomate kumato 500 g,"0,96 €","2,70 €/kg",https://www.carrefour.es/supermercado/panecillos-para-perritos-calientes-carrefour-330-g-carrefour/R-fprod1230187/p
El-Mercado,Pan de molde integral con corteza Carrefour 820 g.,"0,57 €","1,17 €/kg",https://www.carrefour.es/supermercado/pan-carrefour-5-ud-carrefour/R-711411255/p
El-Mercado,Pan de picos Carrefour 1 ud,"1,43 €","1,68 €/kg",https://www.carrefour.es/supermercado/pan-carrefour-5-ud-carrefour/R-711411255/p
El-Mercado,Queso mozzarella Italiana Galbani 125 g.,"1,86 €","11,44 €/kg",https://www.carrefour.es/supermercado/queso-rulo-de-cabra-carrefour-180-g-carrefour/R-784529321/p
El-Mercado,Pechuga de pavo Campofrío Finissimas 115 g.,"3,28 €","16,17 €/kg",https://www.carrefour.es/supermercado/queso-rulo-de-cabra-carrefour-180-g-carrefour/R-784529321/p
El-Mercado,Patata ecológica Carrefour Bio 2 Kg,"4,25 €","1,64 €/kg",https://www.carrefour.es/supermercado/longaniza-blanca-fresca-la-nuncia-500-g-la-nuncia/R-761104986/p
El-Mercado,Aguacate 500 g,"1,15 €","7,73 €/kg",https://www.carrefour.es/supermercado/longaniza-blanca-fresca-la-nuncia-500-g-la-nuncia/R-761104986/p
El-Mercado,Berenjena Carrefour Malla 500 g,"1,74 €","2,30 €/kg",https://www.carrefour.es/supermercado/pimiento-verde-1-kg/R-636701853/p
El-Mercado,Tomate sabor rosa Selecta 500 g aprox,"0,79 €","3,49 €/kg",https://www.carrefour.es/supermercado/pimiento-verde-1-kg/R-636701853/p
El-Mercado,Lechuga iceberg Carrefour 250 g,"1,99 €","3,16 €/kg",https://www.carrefour.es/supermercado/tomate-kumato-500-g/R-521032216/p
El-Mercado,Albóndigas de cerdo Carrefour 400 g,"0,95 €","1,99 €/ud",https://www.carrefour.es/supermercado/tomate-kumato-500-g/R-521032216/p
El-Mercado,Fuet casero ElPozo 150 g.,"1,59 €","11,93 €/kg",https://www.carrefour.es/supermercado/pan-de-molde-integral-con-corteza-carrefour-820-g/R-VC4AECOMM-436551/p
El-Mercado,Rúcula y canónigo Carrefour 100 g,"1,40 €","9,50 €/kg",https://www.carrefour.es/supermercado/pan-de-molde-integral-con-corteza-carrefour-820-g/R-VC4AECOMM-436551/p
El-Mercado,Patata para guarnición Carrefour 1 Kg,"0,20 €","1,59 €/kg",https://www.carrefour.es/supermercado/pan-de-picos-carrefour-1-ud-carrefour/R-fprod1180440/p
El-Mercado,Bacon cocido ahumado en tiras ElPozo pack (4x60g) envase 240 g,"2,60 €","10,83 €/kg",https://www.carrefour.es/supermercado/bacon-cocido-ahumado-en-tiras-elpozo-pack-4x60g-envase-240-g-elpozo/R-682908990/p
El-Mercado,Rúcula Carrefour 50 g,"0,75 €","15,00 €/kg",https://www.carrefour.es/supermercado/bacon-cocido-ahumado-en-tiras-elpozo-pack-4x60g-envase-240-g-elpozo/R-682908990/p
El-Mercado,Pechuga de pollo certificado entera Carrefour 500 g aprox,"3,97 €","7,95 €/kg",https://www.carrefour.es/supermercado/rucula-carrefour-50-g-carrefour/R-757834489/p
El-Mercado,Pan Burguer chapatta cristalina 2 ud,"1,60 €","6,96 €/kg",https://www.carrefour.es/supermercado/rucula-carrefour-50-g-carrefour/R-757834489/p
El-Mercado,Tomate raff 1 Kg aprox,"1,90 €","1,89 €/kg",https://www.carrefour.es/supermercado/pechuga-de-pollo-certificado-entera-carrefour-500-g-aprox-carrefour/R-prod1020232/p
El-Mercado,Queso brie 60% M.G Carrefour 200 g,"1,65 €","9,50 €/kg",https://www.carrefour.es/supermercado/pechuga-de-pollo-certificado-entera-carrefour-500-g-aprox-carrefour/R-prod1020232/p
El-Mercado,queso havarti light en lonchas Carrefour 200 g.,"3,42 €","8,25 €/kg",https://www.carrefour.es/supermercado/pan-burguer-chapatta-cristalina-2-ud/R-prod860386/p
El-Mercado,Filete de cadera o babilla de ternera 1ªA Calidad y Origen Carrefour 300 g aprox,"1,45 €","11,40 €/kg",https://www.carrefour.es/supermercado/pan-burguer-chapatta-cristalina-2-ud/R-prod860386/p
El-Mercado,Queso Roquefort D.O.P Carrefour cuña 100 g,"1,49 €","14,50 €/kg",https://www.carrefour.es/supermercado/tomate-raff-1-kg-aprox/R-600709166/p
El-Mercado,Tomate cherry 500 g,"2,00 €","2,98 €/kg",https://www.carrefour.es/supermercado/tomate-raff-1-kg-aprox/R-600709166/p
El-Mercado,Jamón york el lonchas sándwich El Pozo sin gluten sin lactosa 225 g.,"1,13 €","7,29 €/kg",https://www.carrefour.es/supermercado/queso-brie-60-mg-carrefour-200-g-carrefour/R-783928718/p
El-Mercado,Mango 700 g,"1,25 €","2,86 €/kg",https://www.carrefour.es/supermercado/queso-brie-60-mg-carrefour-200-g-carrefour/R-783928718/p
El-Mercado,Magdalena cuadrada Carrefour 700 g.,"2,89 €","1,61 €/kg",https://www.carrefour.es/supermercado/queso-havarti-light-en-lonchas-carrefour-200-g-carrefour/R-521030721/p
El-Mercado,Queso rallado en polvo especial pasta El Caserío 100 g.,"0,68 €","12,50 €/kg",https://www.carrefour.es/supermercado/queso-havarti-light-en-lonchas-carrefour-200-g-carrefour/R-521030721/p
El-Mercado,Hamburguesa de añojo Calidad y Origen Carrefour 2x150 g,"2,24 €","9,63 €/kg",https://www.carrefour.es/supermercado/filete-de-cadera-o-babilla-de-ternera-1a-calidad-y-origen-carrefour-300-g-aprox-calidad-y-origen-carrefour/R-prod1070081/p
El-Mercado,Morcillo de añojo Calidad y Origen Carrefour 500 g aprox,"2,81 €","7,50 €/kg",https://www.carrefour.es/supermercado/filete-de-cadera-o-babilla-de-ternera-1a-calidad-y-origen-carrefour-300-g-aprox-calidad-y-origen-carrefour/R-prod1070081/p
El-Mercado,Picos camperos con aceite de oliva virgen extra Carrefour sin lactosa 250 g.,"2,25 €","2,72 €/kg",https://www.carrefour.es/supermercado/queso-roquefort-dop-carrefour-cuna-100-g-carrefour/R-785113099/p
El-Mercado,Pechuga de pavo natural asada Frial al corte 150 g aprox,"1,99 €","14,95 €/kg",https://www.carrefour.es/supermercado/queso-roquefort-dop-carrefour-cuna-100-g-carrefour/R-785113099/p
El-Mercado,Costillas de cerdo troceadas para guisar Carrefour 500 g aprox,"1,10 €","5,63 €/kg",https://www.carrefour.es/supermercado/tomate-cherry-500-g/R-VC4AECOMM-600248/p
El-Mercado,Longaniza fresca de pollo Carrefour 400 g,"1,30 €","2,25 €/ud",https://www.carrefour.es/supermercado/tomate-cherry-500-g/R-VC4AECOMM-600248/p
El-Mercado,"Patata princesa amandine 1,5 kg","2,30 €","1,33 €/kg",https://www.carrefour.es/supermercado/jamon-york-el-lonchas-sandwich-el-pozo-sin-gluten-sin-lactosa-225-g-elpozo/R-522714864/p
El-Mercado,Crema de queso de untar natural Philadelphia pack de 2 unidades de 250 g.,"2,12 €","7,78 €/kg",https://www.carrefour.es/supermercado/crema-de-queso-de-untar-natural-philadelphia-pack-de-2-unidades-de-250-g-philadelphia/R-854600355/p
El-Mercado,Jamón cocido Campofrío Finissimas sin gluten 170 g.,"2,10 €","15,29 €/kg",https://www.carrefour.es/supermercado/crema-de-queso-de-untar-natural-philadelphia-pack-de-2-unidades-de-250-g-philadelphia/R-854600355/p
El-Mercado,Lacón cocido y ahumado extra cortado a mano sin gluten y sin lactosa 150 g,"1,50 €","12,47 €/kg",https://www.carrefour.es/supermercado/promocion?promoId=promof2530102
El-Mercado,Masa de pizza Finissima Buitoni 260 g.,"2,98 €","8,08 €/kg",https://www.carrefour.es/supermercado/jamon-cocido-campofrio-finissimas-sin-gluten-170-g-campofrio-finissimas/R-521030979/p
El-Mercado,Pan de Hamburguesa Carrefour 4 ud 325 g,"1,59 €","5,00 €/kg",https://www.carrefour.es/supermercado/jamon-cocido-campofrio-finissimas-sin-gluten-170-g-campofrio-finissimas/R-521030979/p
El-Mercado,Carrillada de cerdo Carrefour 300 g aprox,"1,55 €","9,95 €/kg",https://www.carrefour.es/supermercado/HuchaPromocion?promoId=huchaDisc420034
El-Mercado,Brócoli ecológico Carrefour Bio 300 g,"2,93 €","1,59 €/ud",https://www.carrefour.es/supermercado/lacon-cocido-y-ahumado-extra-cortado-a-mano-sin-gluten-y-sin-lactosa-150-g/R-VC4AECOMM-445647/p
El-Mercado,Queso cheddar en lonchas Carrefour 200 g.,"2,55 €","7,75 €/kg",https://www.carrefour.es/supermercado/lacon-cocido-y-ahumado-extra-cortado-a-mano-sin-gluten-y-sin-lactosa-150-g/R-VC4AECOMM-445647/p
El-Mercado,"Mandarina con hoja bandeja 1,4 kg","4,60 €","2,09 €/kg",https://www.carrefour.es/supermercado/masa-de-pizza-finissima-buitoni-260-g-buitoni/R-521030344/p
El-Mercado,Pan payés grande Hecho aquí Carrefour 800 g,"0,44 €","2,55 €/ud",https://www.carrefour.es/supermercado/masa-de-pizza-finissima-buitoni-260-g-buitoni/R-521030344/p
El-Mercado,Filete de bacalao al punto sal ultracongelado Carrefour 400 g.,"2,20 €","11,50 €/kg",https://www.carrefour.es/supermercado/pan-de-hamburguesa-carrefour-4-ud-325-g/R-575702273/p
El-Mercado,Colines integrales Carrefour 250 g.,"1,51 €","1,76 €/kg",https://www.carrefour.es/supermercado/pan-de-hamburguesa-carrefour-4-ud-325-g/R-575702273/p
El-Mercado,Chorizo de primera especial cocina Palacios 225 g.,"1,35 €","9,78 €/kg",https://www.carrefour.es/supermercado/carrillada-de-cerdo-carrefour-300-g-aprox-elpozo/R-525702451/p
El-Mercado,Jamón cocido extra Campofrío al corte 150 g aprox,"1,89 €","10,10 €/kg",https://www.carrefour.es/supermercado/carrillada-de-cerdo-carrefour-300-g-aprox-elpozo/R-525702451/p
El-Mercado,Chorizo extra Carrefour 2 x 120 g,"3,19 €","5,63 €/kg",https://www.carrefour.es/supermercado/brocoli-ecologico-carrefour-bio-300-g-carrefour-bio/R-597201489/p
El-Mercado,Mini taquitos de jamón curado Carrefour sin lactosa pack de 2 unidades de 75 g.,"2,74 €","12,60 €/kg",https://www.carrefour.es/supermercado/brocoli-ecologico-carrefour-bio-300-g-carrefour-bio/R-597201489/p
El-Mercado,Hamburguesa mixta vacuno y cerdo Carrefour 6x90 g,"0,67 €","3,19 €/ud",https://www.carrefour.es/supermercado/queso-cheddar-en-lonchas-carrefour-200-g-carrefour/R-521030715/p
El-Mercado,"Queso semicurado mezcla Carrefour cuña 1/8, 375 g aprox","0,89 €","7,30 €/kg",https://www.carrefour.es/supermercado/queso-cheddar-en-lonchas-carrefour-200-g-carrefour/R-521030715/p
El-Mercado,Espinacas cortadas en porciones Carrefour 400 g.,"1,89 €","1,67 €/kg",https://www.carrefour.es/supermercado/mandarina-con-hoja-bandeja-1-4-kg/R-VC4AECOMM-425833/p
El-Mercado,Masa para empanadillas y postres Buitoni 160 g.,"1,29 €","5,56 €/kg",https://www.carrefour.es/supermercado/mandarina-con-hoja-bandeja-1-4-kg/R-VC4AECOMM-425833/p
El-Mercado,Pan de molde natural 100% Bimbo sin lactosa 460 g.,"2,99 €","4,11 €/kg",https://www.carrefour.es/supermercado/pan-payes-grande-hecho-aqui-carrefour-800-g-carrefour/R-679001901/p
El-Mercado,Coliflor Carrefour 1 kg.,"1,50 €","1,29 €/kg",https://www.carrefour.es/supermercado/pan-payes-grande-hecho-aqui-carrefour-800-g-carrefour/R-679001901/p
El-Mercado,Lomo Ibérico de cerdo adobado Legado Ibérico ElPozo 200 g,"3,39 €","16,95 €/kg",https://www.carrefour.es/supermercado/lomo-iberico-de-cerdo-adobado-legado-iberico-elpozo-200-g-elpozo/R-530706179/p
El-Mercado,"Queso semicurado mezcla García Baquero cuña 1/8, 420 g aprox","5,04 €","12,00 €/kg",https://www.carrefour.es/supermercado/lomo-iberico-de-cerdo-adobado-legado-iberico-elpozo-200-g-elpozo/R-530706179/p
El-Mercado,Hamburguesa de pollo Carrefour 6x90 g,"3,39 €","3,39 €/ud",https://www.carrefour.es/supermercado/queso-semicurado-mezcla-garcia-baquero-cuna-1-8-420-g-aprox-garcia-baquero/R-521034164/p
El-Mercado,"Repollo liso nacional 1,5 kg","1,49 €","0,99 €/kg",https://www.carrefour.es/supermercado/queso-semicurado-mezcla-garcia-baquero-cuna-1-8-420-g-aprox-garcia-baquero/R-521034164/p
El-Mercado,Palitos de mar 300 g,"1,35 €","4,50 €/kg",https://www.carrefour.es/supermercado/hamburguesa-de-pollo-carrefour-6x90-g-carrefour/R-609801320/p
El-Mercado,Patatas fritas clásicas Carrefour 1 kg.,"0,99 €","0,99 €/kg",https://www.carrefour.es/supermercado/hamburguesa-de-pollo-carrefour-6x90-g-carrefour/R-609801320/p
El-Mercado,Bacon en lonchas Oscar Mayer 150 g.,"1,95 €","13,00 €/kg",https://www.carrefour.es/supermercado/repollo-liso-nacional-1-5-kg/R-529916719/p
El-Mercado,Manzana pink lady a granel 1 kg aprox,"2,99 €","2,99 €/kg",https://www.carrefour.es/supermercado/repollo-liso-nacional-1-5-kg/R-529916719/p
El-Mercado,Salchichas cocidas Jumbo Classic Oscar Mayer 350 g.,"4,40 €","5,49 €/kg",https://www.carrefour.es/supermercado/palitos-de-mar-300-g/R-VC4AECOMM-515282/p
El-Mercado,Calamar limpio 400 g.,"1,00 €","11,00 €/kg",https://www.carrefour.es/supermercado/palitos-de-mar-300-g/R-VC4AECOMM-515282/p
El-Mercado,Acelga cortada Carrefour 300 g,"3,87 €","3,33 €/kg",https://www.carrefour.es/supermercado/patatas-fritas-clasicas-carrefour-1-kg-carrefour/R-768405799/p
El-Mercado,Lomo de atún 300 g aprox,"1,99 €","12,90 €/kg",https://www.carrefour.es/supermercado/patatas-fritas-clasicas-carrefour-1-kg-carrefour/R-768405799/p
El-Mercado,Frambuesa ecológica 125 g,"1,86 €","15,92 €/kg",https://www.carrefour.es/supermercado/bacon-en-lonchas-oscar-mayer-150-g-oscar-mayer/R-521031060/p
El-Mercado,Jamón cocido al vapor Campofrío Finissimas sin gluten y sin lactosa 115 g.,"1,79 €","16,17 €/kg",https://www.carrefour.es/supermercado/bacon-en-lonchas-oscar-mayer-150-g-oscar-mayer/R-521031060/p
El-Mercado,Cebolla ecológica Carrefour Bio 1 Kg,"3,74 €","1,79 €/kg",https://www.carrefour.es/supermercado/promocion?promoId=promof2530053
El-Mercado,Guisantes finos Findus 1 kg.,"0,78 €","3,74 €/kg",https://www.carrefour.es/supermercado/manzana-pink-lady-a-granel-1-kg-aprox-carrefour/R-529921851/p
El-Mercado,Pan rallado de ajo y perejil Carrefour 500 g.,"6,95 €","1,56 €/kg",https://www.carrefour.es/supermercado/manzana-pink-lady-a-granel-1-kg-aprox-carrefour/R-529921851/p
El-Mercado,Gamba pelada grande Pescatrade 400 g,"3,95 €","17,37 €/kg",https://www.carrefour.es/supermercado/salchichas-cocidas-jumbo-classic-oscar-mayer-350-g-oscar-mayer/R-521031158/p
El-Mercado,Queso fresco original Burgo de Arias pack de 6 unidades de 72 g.,"2,70 €","9,14 €/kg",https://www.carrefour.es/supermercado/salchichas-cocidas-jumbo-classic-oscar-mayer-350-g-oscar-mayer/R-521031158/p
El-Mercado,Queso de untar original Philadelphia 350 g,"1,02 €","7,71 €/kg",https://www.carrefour.es/supermercado/promocion?promoId=promof2530089
El-Mercado,Tomate natural rallado Surinver 230 g,"1,69 €","4,43 €/kg",https://www.carrefour.es/supermercado/calamar-limpio-400-g/R-521031267/p
El-Mercado,Manzana granny smith a granel 1 Kg aprox,"2,10 €","1,69 €/kg",https://www.carrefour.es/supermercado/calamar-limpio-400-g/R-521031267/p
El-Mercado,Chorizo sarta duroc dulce Carrefour 280 g,"0,67 €","7,50 €/kg",https://www.carrefour.es/supermercado/acelga-cortada-carrefour-300-g-carrefour/R-521032384/p
El-Mercado,Carne de pavo para estofado Carrefour 500 g aprox,"2,90 €","5,80 €/kg",https://www.carrefour.es/supermercado/carne-de-pavo-para-estofado-carrefour-500-g-aprox-carrefour/R-prod920165/p
El-Mercado,Pechuga de pavo en lonchas El Pozo sin gluten 200 g.,"1,15 €","10,50 €/kg",https://www.carrefour.es/supermercado/carne-de-pavo-para-estofado-carrefour-500-g-aprox-carrefour/R-prod920165/p
El-Mercado,Tomate cherry mini-kumato 250 g,"2,95 €","4,60 €/kg",https://www.carrefour.es/supermercado/pechuga-de-pavo-en-lonchas-el-pozo-sin-gluten-200-g-elpozo/R-526517485/p
El-Mercado,Burger Meat de vacuno de Extremadura El Encinar de Humienta 2x180 g,"2,80 €","8,19 €/kg",https://www.carrefour.es/supermercado/pechuga-de-pavo-en-lonchas-el-pozo-sin-gluten-200-g-elpozo/R-526517485/p
El-Mercado,Compango para cocido asturiano 300 g,"2,99 €","9,33 €/kg",https://www.carrefour.es/supermercado/promocion?promoId=promof2530057
El-Mercado,Pack ahorro finas del mar 2 x 200 g,"1,59 €","7,48 €/kg",https://www.carrefour.es/supermercado/tomate-cherry-mini-kumato-250-g-carrefour/R-571901559/p
El-Mercado,Tomate rama ecológico Carrefour Bio 500 g,"7,70 €","3,18 €/kg",https://www.carrefour.es/supermercado/tomate-cherry-mini-kumato-250-g-carrefour/R-571901559/p
El-Mercado,Chuleta de aguja de cerdo Carrefour 1 kg aprox,"1,05 €","4,15 €/kg",https://www.carrefour.es/supermercado/burger-meat-de-vacuno-de-extremadura-el-encinar-de-humienta-2x180-g-el-encinar-de-humienta/R-prod60851/p
El-Mercado,"Pollo campero limpio Calidad y Origen Carrefour 1,4 kg aprox","0,99 €","5,50 €/kg",https://www.carrefour.es/supermercado/burger-meat-de-vacuno-de-extremadura-el-encinar-de-humienta-2x180-g-el-encinar-de-humienta/R-prod60851/p
El-Mercado,Menestra de verduras Carrefour 1 kg.,"2,10 €","1,05 €/kg",https://www.carrefour.es/supermercado/promocion?promoId=promof2550025
El-Mercado,Pan de molde grande Bimbo 375 g.,"1,40 €","2,64 €/kg",https://www.carrefour.es/supermercado/compango-para-cocido-asturiano-300-g-tinin/R-526413865/p
El-Mercado,Salchichas Jumbo de queso Oscar Mayer 350 g.,"2,25 €","6,00 €/kg",https://www.carrefour.es/supermercado/compango-para-cocido-asturiano-300-g-tinin/R-526413865/p
El-Mercado,Panecillos para perritos Bimbo 330 g.,"5,95 €","3,42 €/kg",https://www.carrefour.es/supermercado/pack-ahorro-finas-del-mar-2-x-200-g/R-VC4AECOMM-516845/p
El-Mercado,Picos gourmet Carrefour 130 g,"3,25 €","10,77 €/kg",https://www.carrefour.es/supermercado/pack-ahorro-finas-del-mar-2-x-200-g/R-VC4AECOMM-516845/p
El-Mercado,Chuletas de lomo de cerdo Carrefour 500 g aprox,"1,06 €","4,50 €/kg",https://www.carrefour.es/supermercado/tomate-rama-ecologico-carrefour-bio-500-g-carrefour-bio/R-600709258/p
El-Mercado,Lomos salmón congelados Carrefour 480 g.,"1,54 €","12,40 €/kg",https://www.carrefour.es/supermercado/tomate-rama-ecologico-carrefour-bio-500-g-carrefour-bio/R-600709258/p
El-Mercado,Picada de vacuno ecológico Carrefour Bio 400 g,"3,49 €","8,72 €/kg",https://www.carrefour.es/supermercado/chuleta-de-aguja-de-cerdo-carrefour-1-kg-aprox-carrefour/R-521032495/p
El-Mercado,Mini quesitos Babybel pack de 12 unidades de 20 g.,"2,50 €","16,62 €/kg",https://www.carrefour.es/supermercado/chuleta-de-aguja-de-cerdo-carrefour-1-kg-aprox-carrefour/R-521032495/p
El-Mercado,Aguacate maduro ecológico Carrefour Bio 500 g,"5,38 €","6,50 €/kg",https://www.carrefour.es/supermercado/pollo-campero-limpio-calidad-y-origen-carrefour-1-4-kg-aprox-calidad-y-origen-carrefour/R-prod460411/p
El-Mercado,Ajo sprint 500 g,"2,24 €","4,48 €/kg",https://www.carrefour.es/supermercado/ajo-sprint-500-g/R-521031665/p
El-Mercado,Tomate azul a granel 1 Kg aprox,"3,99 €","3,99 €/kg",https://www.carrefour.es/supermercado/ajo-sprint-500-g/R-521031665/p
El-Mercado,Pan de hamburguesa rústica XXL 4 ud,"1,65 €","4,12 €/kg",https://www.carrefour.es/supermercado/tomate-azul-a-granel-1-kg-aprox/R-prod620041/p
El-Mercado,Queso de untar light Carrefour 300 g.,"0,99 €","3,30 €/kg",https://www.carrefour.es/supermercado/tomate-azul-a-granel-1-kg-aprox/R-prod620041/p
El-Mercado,Hamburguesa de vacuno Master de lomo Extremadura El Encinar de la Humienta 2x180 g,"3,50 €","9,72 €/kg",https://www.carrefour.es/supermercado/pan-de-hamburguesa-rustica-xxl-4-ud/R-prod190377/p
El-Mercado,Picatostes fritos sabor clásico Carrefour 75 g.,"0,56 €","7,47 €/kg",https://www.carrefour.es/supermercado/pan-de-hamburguesa-rustica-xxl-4-ud/R-prod190377/p
El-Mercado,Masa de hojaldre rectangular tartas y respostería Buitoni 230 g.,"3,00 €","8,65 €/kg",https://www.carrefour.es/supermercado/queso-de-untar-light-carrefour-300-g-carrefour/R-804713850/p
El-Mercado,Fuet casero El Pozo pack de 2 unidades de 150 g.,"2,99 €","10,00 €/kg",https://www.carrefour.es/supermercado/queso-de-untar-light-carrefour-300-g-carrefour/R-804713850/p
El-Mercado,Chirimoya 1 Kg aprox,"0,70 €","2,99 €/kg",https://www.carrefour.es/supermercado/hamburguesa-de-vacuno-master-de-lomo-extremadura-el-encinar-de-la-humienta-2x180-g-el-encinar-de-humienta/R-prod60841/p
El-Mercado,Ensaladilla Carrefour 1 kg.,"0,45 €","0,70 €/kg",https://www.carrefour.es/supermercado/hamburguesa-de-vacuno-master-de-lomo-extremadura-el-encinar-de-la-humienta-2x180-g-el-encinar-de-humienta/R-prod60841/p
El-Mercado,Barra de pan pistola Carrefour 250 g,"2,25 €","1,80 €/kg",https://www.carrefour.es/supermercado/promocion?promoId=promof2550025
El-Mercado,Queso emmental taco Carrefour 250 g,"1,15 €","9,00 €/kg",https://www.carrefour.es/supermercado/picatostes-fritos-sabor-clasico-carrefour-75-g-carrefour/R-780048332/p
El-Mercado,Mollete de Antequera mediano congelado El Antequerano 4 ud,"0,89 €","0,29 €/ud",https://www.carrefour.es/supermercado/picatostes-fritos-sabor-clasico-carrefour-75-g-carrefour/R-780048332/p
El-Mercado,Magdalena redonda Casado 550 g.,"1,40 €","1,62 €/kg",https://www.carrefour.es/supermercado/masa-de-hojaldre-rectangular-tartas-y-resposteria-buitoni-230-g-buitoni/R-745416204/p
El-Mercado,Salchichón extra loncheado Tello bipack 2 envases 120 g,"9,97 €","5,83 €/kg",https://www.carrefour.es/supermercado/masa-de-hojaldre-rectangular-tartas-y-resposteria-buitoni-230-g-buitoni/R-745416204/p
El-Mercado,Solomillo de vacuno 500 g aprox,"1,35 €","19,95 €/kg",https://www.carrefour.es/supermercado/promocion?promoId=promof2530060
El-Mercado,Tostadas mini extrafinas Bimbo 100 g.,"2,95 €","13,50 €/kg",https://www.carrefour.es/supermercado/fuet-casero-el-pozo-pack-de-2-unidades-de-150-g-elpozo/R-526501292/p
El-Mercado,Naranja Calidad y Origen 2 Kg,"1,00 €","1,47 €/kg",https://www.carrefour.es/supermercado/fuet-casero-el-pozo-pack-de-2-unidades-de-150-g-elpozo/R-526501292/p
El-Mercado,Ensalada Baby Leaf Carrefour 70 g,"1,35 €","14,29 €/kg",https://www.carrefour.es/supermercado/HuchaPromocion?promoId=huchaDisc420035
El-Mercado,Queso mozarella en lonchas Carrefour 200 g.,"1,85 €","6,75 €/kg",https://www.carrefour.es/supermercado/chirimoya-1-kg-aprox/R-530067640/p
El-Mercado,Tomate rama Carrefour 500 g,"0,90 €","3,70 €/kg",https://www.carrefour.es/supermercado/chirimoya-1-kg-aprox/R-530067640/p
El-Mercado,Patatas prefritas con piel Carrefour 600 g.,"1,99 €","1,50 €/kg",https://www.carrefour.es/supermercado/ensaladilla-carrefour-1-kg-carrefour/R-530014607/p
El-Mercado,Chorizo tradicional extra sarta Carrefour sin gluten 280 g.,"1,00 €","7,11 €/kg",https://www.carrefour.es/supermercado/ensaladilla-carrefour-1-kg-carrefour/R-530014607/p
El-Mercado,Pechuga de Pavo braseada Campofrío Finissimas 115 g.,"1,86 €","16,17 €/kg",https://www.carrefour.es/supermercado/pechuga-de-pavo-braseada-campofrio-finissimas-115-g-campofrio-finissimas/R-521033017/p
El-Mercado,Jamón curado lonchas Navidul sin gluten pack de 2 unidades de 138 g.,"2,00 €","22,46 €/kg",https://www.carrefour.es/supermercado/pechuga-de-pavo-braseada-campofrio-finissimas-115-g-campofrio-finissimas/R-521033017/p
El-Mercado,Queso rallado emmental Especial pastas Président 150 g.,"1,30 €","13,33 €/kg",https://www.carrefour.es/supermercado/jamon-curado-lonchas-navidul-sin-gluten-pack-de-2-unidades-de-138-g-navidul/R-521030813/p
El-Mercado,"Pechuga de pollo Carrefour 1,2 kg aprox","4,70 €","3,99 €/kg",https://www.carrefour.es/supermercado/jamon-curado-lonchas-navidul-sin-gluten-pack-de-2-unidades-de-138-g-navidul/R-521030813/p
El-Mercado,Hueso de vacuno Carrefour 450 g aprox,"3,49 €","2,90 €/kg",https://www.carrefour.es/supermercado/queso-rallado-emmental-especial-pastas-president-150-g-president/R-521030776/p
El-Mercado,Lomos de merluza ultracongelados Pescanova 400 g.,"5,75 €","13,06 €/kg",https://www.carrefour.es/supermercado/queso-rallado-emmental-especial-pastas-president-150-g-president/R-521030776/p
El-Mercado,Jamón serrano reserva en lonchas entera Carrefour sin lactosa 240 g.,"3,65 €","14,54 €/kg",https://www.carrefour.es/supermercado/HuchaPromocion?promoId=huchaDisc420065
El-Mercado,La auténtica La Gula del Norte 2 x 110 g,"0,92 €","26,14 €/kg",https://www.carrefour.es/supermercado/pechuga-de-pollo-carrefour-1-2-kg-aprox-carrefour/R-644001825/p
El-Mercado,Traseros de pollo certificado Carrefour 880 g aprox,"2,29 €","4,15 €/kg",https://www.carrefour.es/supermercado/pechuga-de-pollo-carrefour-1-2-kg-aprox-carrefour/R-644001825/p
El-Mercado,Mix rallado especial gratinado 200 g.,"2,94 €","4,60 €/kg",https://www.carrefour.es/supermercado/hueso-de-vacuno-carrefour-450-g-aprox-carrefour/R-521032444/p
El-Mercado,Arándanos ecológicos 125 g,"2,58 €","18,32 €/kg",https://www.carrefour.es/supermercado/hueso-de-vacuno-carrefour-450-g-aprox-carrefour/R-521032444/p
El-Mercado,Pechuga de pavo Braseado Campofrío Finissimas sin gluten 170 g.,"1,15 €","15,29 €/kg",https://www.carrefour.es/supermercado/lomos-de-merluza-ultracongelados-pescanova-400-g-pescanova/R-521031241/p
El-Mercado,Filetes finos de redondo de añojo Calidad y Origen Carrefor 300 g aprox,"1,89 €","9,80 €/kg",https://www.carrefour.es/supermercado/lomos-de-merluza-ultracongelados-pescanova-400-g-pescanova/R-521031241/p
El-Mercado,Morcilla de Burgos Embutidos Ríos 660 g,"2,74 €","4,30 €/kg",https://www.carrefour.es/supermercado/jamon-serrano-reserva-en-lonchas-entera-carrefour-sin-lactosa-240-g/R-VC4AECOMM-436279/p
El-Mercado,Tomate cherry pera ecológico 250 g,"1,99 €","4,60 €/kg",https://www.carrefour.es/supermercado/jamon-serrano-reserva-en-lonchas-entera-carrefour-sin-lactosa-240-g/R-VC4AECOMM-436279/p
El-Mercado,Mejillón fresco ecológico Carrefour Bio 1 kg,"2,31 €","1,89 €/kg",https://www.carrefour.es/supermercado/la-autentica-la-gula-del-norte-2-x-110-g-la-gula-del-norte/R-521032010/p
El-Mercado,Carpaccio de vacuno marinado Roler 110 g,"1,45 €","2,74 €/ud",https://www.carrefour.es/supermercado/la-autentica-la-gula-del-norte-2-x-110-g-la-gula-del-norte/R-521032010/p
El-Mercado,Berlina glace Donuts 4 ud.,"1,03 €","9,57 €/kg",https://www.carrefour.es/supermercado/traseros-de-pollo-certificado-carrefour-880-g-aprox-carrefour/R-791562921/p
El-Mercado,"Patatas fritas clásicas congeladas Carrefour 2,5 kg.","1,87 €","0,92 €/kg",https://www.carrefour.es/supermercado/traseros-de-pollo-certificado-carrefour-880-g-aprox-carrefour/R-791562921/p
El-Mercado,Ajo ecológico Carrefour Bio 3 uds,"6,25 €","1,45 €/ud",https://www.carrefour.es/supermercado/mix-rallado-especial-gratinado-200-g-producto-blanco/R-685107065/p
El-Mercado,Pan de molde integral sin corteza 8 cereales Bimbo Silueta 450 g.,"2,90 €","4,42 €/kg",https://www.carrefour.es/supermercado/pan-de-molde-integral-sin-corteza-8-cereales-bimbo-silueta-450-g-bimbo-silueta/R-521007164/p
El-Mercado,Hamburguesas de pollo de corral sin gluten y sin lactosa Coren 2x125 g,"2,25 €","11,60 €/kg",https://www.carrefour.es/supermercado/pan-de-molde-integral-sin-corteza-8-cereales-bimbo-silueta-450-g-bimbo-silueta/R-521007164/p
El-Mercado,Jamón cocido extra en lonchas El Pozo sin lactosa 200 g.,"2,65 €","10,50 €/kg",https://www.carrefour.es/supermercado/promocion?promoId=promof2550040
El-Mercado,Acelgas manojo de 1 Kg,"1,75 €","2,25 €/kg",https://www.carrefour.es/supermercado/hamburguesas-de-pollo-de-corral-sin-gluten-y-sin-lactosa-coren-2x125-g-coren/R-prod810892/p
El-Mercado,Pan de molde con grano entero 12 cereales Bimbo-Oreweat 680 g.,"3,46 €","3,90 €/kg",https://www.carrefour.es/supermercado/hamburguesas-de-pollo-de-corral-sin-gluten-y-sin-lactosa-coren-2x125-g-coren/R-prod810892/p
El-Mercado,Ensalada gourmet Carrefour 320 g,"0,68 €","5,47 €/kg",https://www.carrefour.es/supermercado/jamon-cocido-extra-en-lonchas-el-pozo-sin-lactosa-200-g-elpozo/R-522714839/p
El-Mercado,Chorizo casero extra sarta Palacios 250 g.,"5,04 €","13,84 €/kg",https://www.carrefour.es/supermercado/jamon-cocido-extra-en-lonchas-el-pozo-sin-lactosa-200-g-elpozo/R-522714839/p
El-Mercado,Regañás con sésamo y aceite de oliva virgen extra Carrefour sin lactosa 250 g.,"1,42 €","2,72 €/kg",https://www.carrefour.es/supermercado/promocion?promoId=promof2530057
El-Mercado,Crema de queso de untar light Philadelphia pack de 2 unidades de 250 g.,"2,99 €","7,78 €/kg",https://www.carrefour.es/supermercado/acelgas-manojo-de-1-kg/R-521032289/p
El-Mercado,Filetes de cinta de lomo de cerdo Carrefour 800 g aprox,"3,99 €","6,30 €/kg",https://www.carrefour.es/supermercado/acelgas-manojo-de-1-kg/R-521032289/p
El-Mercado,Endivia Carrefour 450 g,"4,99 €","3,16 €/kg",https://www.carrefour.es/supermercado/pan-de-molde-con-grano-entero-12-cereales-bimbo-oreweat-680-g-bimbo-oroweat/R-754402172/p
El-Mercado,Naranja selecta 1 Kg,"1,77 €","2,99 €/kg",https://www.carrefour.es/supermercado/pan-de-molde-con-grano-entero-12-cereales-bimbo-oreweat-680-g-bimbo-oroweat/R-754402172/p
El-Mercado,Langostino cocido (30/40 ud) 500 g aprox,"1,55 €","8,95 €/kg",https://www.carrefour.es/supermercado/ensalada-gourmet-carrefour-320-g-carrefour/R-521032361/p
El-Mercado,Preparado de paella de marisco congelado 600 g,"4,50 €","6,65 €/kg",https://www.carrefour.es/supermercado/ensalada-gourmet-carrefour-320-g-carrefour/R-521032361/p
El-Mercado,"Mandarina 1,5 kg","2,60 €","3,33 €/kg",https://www.carrefour.es/supermercado/chorizo-casero-extra-sarta-palacios-250-g-palacios/R-521030888/p
El-Mercado,Seta Carrefour 250 g aprox,"2,49 €","7,10 €/kg",https://www.carrefour.es/supermercado/chorizo-casero-extra-sarta-palacios-250-g-palacios/R-521030888/p
El-Mercado,Queso blanco pasteurizado natural suave Carrefour pack de 2 unidades de 250 g.,"3,19 €","3,10 €/kg",https://www.carrefour.es/supermercado/reganas-con-sesamo-y-aceite-de-oliva-virgen-extra-carrefour-sin-lactosa-250-g-carrefour/R-prod930222/p
El-Mercado,Empanada rectangular de atún 700 g,"1,60 €","4,50 €/ud",https://www.carrefour.es/supermercado/reganas-con-sesamo-y-aceite-de-oliva-virgen-extra-carrefour-sin-lactosa-250-g-carrefour/R-prod930222/p
El-Mercado,Regañá El Antequerano 150 g,"1,89 €","12,60 €/kg",https://www.carrefour.es/supermercado/regana-el-antequerano-150-g-horno-el-antequerano/R-794720608/p
El-Mercado,Salchichas frescas de pollo de corral Coren 350 g,"4,30 €","12,29 €/kg",https://www.carrefour.es/supermercado/regana-el-antequerano-150-g-horno-el-antequerano/R-794720608/p
El-Mercado,Pollo entero limpio Carrefour 2 kg aprox,"4,90 €","2,45 €/kg",https://www.carrefour.es/supermercado/salchichas-frescas-de-pollo-de-corral-coren-350-g-coren/R-prod720728/p
El-Mercado,Bollo con pepitas de chocolate con leche Weikis La Bella Easo 6 ud.,"1,15 €","7,96 €/kg",https://www.carrefour.es/supermercado/salchichas-frescas-de-pollo-de-corral-coren-350-g-coren/R-prod720728/p
El-Mercado,Patatas congeladas extra finas Carrefour 1 kg.,"4,40 €","1,15 €/kg",https://www.carrefour.es/supermercado/pollo-entero-limpio-carrefour-2-kg-aprox-carrefour/R-536500203/p
El-Mercado,Chorizo oreado sin aditivos Carrefour 400 g,"2,05 €","11,00 €/kg",https://www.carrefour.es/supermercado/pollo-entero-limpio-carrefour-2-kg-aprox-carrefour/R-536500203/p
El-Mercado,Queso camembert cremoso Carrefour 250 g,"2,01 €","7,16 €/kg",https://www.carrefour.es/supermercado/bollo-con-pepitas-de-chocolate-con-leche-weikis-la-bella-easo-6-ud-la-bella-easo/R-521007263/p
El-Mercado,Espetec extra Casa Tarradellas 185 g.,"1,00 €","11,39 €/kg",https://www.carrefour.es/supermercado/bollo-con-pepitas-de-chocolate-con-leche-weikis-la-bella-easo-6-ud-la-bella-easo/R-521007263/p
El-Mercado,Queso rallado mozzarella y provolone Miraflores 150 g.,"0,99 €","13,40 €/kg",https://www.carrefour.es/supermercado/promocion?promoId=promof2530082
El-Mercado,Lima Carrefour 300 g,"1,59 €","3,33 €/kg",https://www.carrefour.es/supermercado/patatas-congeladas-extra-finas-carrefour-1-kg-carrefour/R-521031644/p
El-Mercado,Queso fresco batido 0% m.g Carrefour 500 g.,"0,95 €","1,98 €/kg",https://www.carrefour.es/supermercado/patatas-congeladas-extra-finas-carrefour-1-kg-carrefour/R-521031644/p
El-Mercado,Zanahoria manojo de 750 g,"3,25 €","2,12 €/kg",https://www.carrefour.es/supermercado/chorizo-oreado-sin-aditivos-carrefour-400-g-carrefour/R-prod420144/p
El-Mercado,Pechuga de pavo Campofrío al corte 150 g aprox,"2,30 €","8,95 €/kg",https://www.carrefour.es/supermercado/chorizo-oreado-sin-aditivos-carrefour-400-g-carrefour/R-prod420144/p
El-Mercado,Patatas baby para microondas 400 g,"0,59 €","2,37 €/kg",https://www.carrefour.es/supermercado/queso-camembert-cremoso-carrefour-250-g-carrefour/R-783928696/p
El-Mercado,Kiwi selecta Zespri 500 g,"2,25 €","0,81 €/ud",https://www.carrefour.es/supermercado/queso-camembert-cremoso-carrefour-250-g-carrefour/R-783928696/p
El-Mercado,Pan de molde sin corteza Natural 100% Bimbo sin lactosa 450 g.,"1,82 €","5,11 €/kg",https://www.carrefour.es/supermercado/espetec-extra-casa-tarradellas-185-g-casa-tarradellas/R-521030843/p
El-Mercado,Biscottes mini normales Carrefour 120 g.,"3,50 €","4,92 €/kg",https://www.carrefour.es/supermercado/espetec-extra-casa-tarradellas-185-g-casa-tarradellas/R-521030843/p
El-Mercado,Jamón cocido extra en lonchas sin gluten y sin lactosa 180 g,"1,00 €","12,50 €/kg",https://www.carrefour.es/supermercado/queso-rallado-mozzarella-y-provolone-miraflores-150-g-miraflores/R-819256172/p
El-Mercado,Bollito recubierto de chocolate Donettes 7 ud.,"0,99 €","11,97 €/kg",https://www.carrefour.es/supermercado/queso-rallado-mozzarella-y-provolone-miraflores-150-g-miraflores/R-819256172/p
El-Mercado,Hamburguesa de pavo y pollo sin lactosa Carrefour 6x90 g,"2,00 €","6,48 €/kg",https://www.carrefour.es/supermercado/promocion?promoId=promof2530090
El-Mercado,Salchichas cocidas de pavo 'Todo Ave' Oscar Mayer 200 g.,"0,99 €","5,00 €/kg",https://www.carrefour.es/supermercado/lima-carrefour-300-g/R-VC4AECOMM-485748/p
El-Mercado,"Traseros de pollo Carrefour 1,6 kg aprox","1,25 €","1,95 €/kg",https://www.carrefour.es/supermercado/traseros-de-pollo-carrefour-1-6-kg-aprox-carrefour/R-644001819/p
El-Mercado,Bocaditos al cacao Carrefour 500 g.,"1,59 €","2,50 €/kg",https://www.carrefour.es/supermercado/traseros-de-pollo-carrefour-1-6-kg-aprox-carrefour/R-644001819/p
El-Mercado,Cebolla echalotte Carrefour 250 g,"1,52 €","6,36 €/kg",https://www.carrefour.es/supermercado/bocaditos-al-cacao-carrefour-500-g-carrefour/R-682401715/p
El-Mercado,"Chorizo pamplona en lonchas Carrefour pack de 2 unidades de 112,5 g.","3,00 €","6,76 €/kg",https://www.carrefour.es/supermercado/bocaditos-al-cacao-carrefour-500-g-carrefour/R-682401715/p
El-Mercado,Tortilla de patata con cebolla 600 g,"9,09 €","3,00 €/ud",https://www.carrefour.es/supermercado/cebolla-echalotte-carrefour-250-g-carrefour/R-521031961/p
El-Mercado,Salmón ahumado noruego Carrefour pack de 2 unidades de 180 g.,"5,50 €","25,25 €/kg",https://www.carrefour.es/supermercado/cebolla-echalotte-carrefour-250-g-carrefour/R-521031961/p
El-Mercado,Medallones de filete de merluza Pescanova 400 g.,"1,61 €","13,75 €/kg",https://www.carrefour.es/supermercado/chorizo-pamplona-en-lonchas-carrefour-pack-de-2-unidades-de-112-5-g-carrefour/R-522714826/p
El-Mercado,Tostaditas con arándanos Bimbo 100 g.,"0,69 €","16,10 €/kg",https://www.carrefour.es/supermercado/chorizo-pamplona-en-lonchas-carrefour-pack-de-2-unidades-de-112-5-g-carrefour/R-522714826/p
El-Mercado,Ensaimada Carrefour 220 g.,"1,99 €","3,14 €/kg",https://www.carrefour.es/supermercado/tortilla-de-patata-con-cebolla-600-g-palacios/R-538003214/p
El-Mercado,Cebolla dulce 1 Kg,"2,55 €","1,99 €/kg",https://www.carrefour.es/supermercado/tortilla-de-patata-con-cebolla-600-g-palacios/R-538003214/p
El-Mercado,Queso mozzarella di bufala campana Galbani 125 g.,"0,99 €","20,40 €/kg",https://www.carrefour.es/supermercado/HuchaPromocion?promoId=huchaDisc440022
El-Mercado,Pechuga de pavo en finas lonchas El Pozo Bienstar 85 g.,"1,56 €","10,89 €/kg",https://www.carrefour.es/supermercado/salmon-ahumado-noruego-carrefour-pack-de-2-unidades-de-180-g-carrefour/R-fprod1360268/p
El-Mercado,Judía troceada Carrefour 1 kg.,"4,60 €","0,99 €/kg",https://www.carrefour.es/supermercado/salmon-ahumado-noruego-carrefour-pack-de-2-unidades-de-180-g-carrefour/R-fprod1360268/p
El-Mercado,Salchichón Ibérico extra en lonchas Carrefour sin gluten 100 g.,"1,04 €","15,60 €/kg",https://www.carrefour.es/supermercado/medallones-de-filete-de-merluza-pescanova-400-g-pescanova/R-521031253/p
El-Mercado,Preparado de Carne Picada de Cerdo Carrefour doble seno 900 g,"1,56 €","5,11 €/kg",https://www.carrefour.es/supermercado/medallones-de-filete-de-merluza-pescanova-400-g-pescanova/R-521031253/p
El-Mercado,Queso fresco de Burgos Carrefour 150 g aprox,"2,67 €","6,95 €/kg",https://www.carrefour.es/supermercado/tostaditas-con-arandanos-bimbo-100-g-bimbo/R-629601894/p
El-Mercado,Chorizo Ibérico extra en lonchas Carrefour sin gluten 100 g.,"2,99 €","15,60 €/kg",https://www.carrefour.es/supermercado/tostaditas-con-arandanos-bimbo-100-g-bimbo/R-629601894/p
El-Mercado,"Alas de pollo Carrefour 1,4 kg aprox","2,80 €","3,45 €/kg",https://www.carrefour.es/supermercado/ensaimada-carrefour-220-g-carrefour/R-521007269/p
El-Mercado,Naranja selecta 1 Kg aprox,"0,82 €","1,79 €/kg",https://www.carrefour.es/supermercado/ensaimada-carrefour-220-g-carrefour/R-521007269/p
El-Mercado,Magdalenas Valencianas Casado 24 ud.,"1,54 €","2,20 €/kg",https://www.carrefour.es/supermercado/magdalenas-valencianas-casado-24-ud-casado/R-819256724/p
El-Mercado,Baguette precocida Carrefour pack de 2 unidades de 150 g.,"0,75 €","2,50 €/kg",https://www.carrefour.es/supermercado/magdalenas-valencianas-casado-24-ud-casado/R-819256724/p
El-Mercado,Feta griega Carrefour 200 g.,"1,99 €","9,95 €/kg",https://www.carrefour.es/supermercado/baguette-precocida-carrefour-pack-de-2-unidades-de-150-g-carrefour/R-551901772/p
El-Mercado,Puerro ecológico manojo de 500 g,"2,99 €","3,99 €/kg",https://www.carrefour.es/supermercado/baguette-precocida-carrefour-pack-de-2-unidades-de-150-g-carrefour/R-551901772/p
El-Mercado,Albahaca cortada Carrefour 20 g,"1,15 €","57,50 €/kg",https://www.carrefour.es/supermercado/feta-griega-carrefour-200-g-carrefour/R-590504836/p
El-Mercado,Solomillo de pollo marinado empanado Extratiernos ElPozo 500 g,"3,37 €","6,75 €/kg",https://www.carrefour.es/supermercado/feta-griega-carrefour-200-g-carrefour/R-590504836/p
El-Mercado,Queso parmesano reggiano D.O.P. Parmeggio Hispano Italiana 200 g,"5,95 €","29,75 €/kg",https://www.carrefour.es/supermercado/puerro-ecologico-manojo-de-500-g/R-759007919/p
El-Mercado,Jamón cocido en finas lochas Casa Tarradellas 125 g.,"1,94 €","15,52 €/kg",https://www.carrefour.es/supermercado/puerro-ecologico-manojo-de-500-g/R-759007919/p
El-Mercado,Brocoli Carrefour 230 g,"1,20 €","5,22 €/kg",https://www.carrefour.es/supermercado/albahaca-cortada-carrefour-20-g-carrefour/R-600805215/p
El-Mercado,Mezcla para sofrito Carrefour 450 g.,"0,92 €","2,04 €/kg",https://www.carrefour.es/supermercado/albahaca-cortada-carrefour-20-g-carrefour/R-600805215/p
El-Mercado,Judía fina flow pack 250 g,"1,35 €","5,40 €/kg",https://www.carrefour.es/supermercado/solomillo-de-pollo-marinado-empanado-extratiernos-elpozo-500-g-elpozo/R-826005231/p
El-Mercado,Preparado de cocido con morcillo Carrefour 800 g aprox,"6,36 €","7,95 €/kg",https://www.carrefour.es/supermercado/solomillo-de-pollo-marinado-empanado-extratiernos-elpozo-500-g-elpozo/R-826005231/p
El-Mercado,Entrecot de vacuno para la piedra 500 g aprox,"1,60 €","10,50 €/kg",https://www.carrefour.es/supermercado/queso-parmesano-reggiano-dop-parmeggio-hispano-italiana-200-g/R-522715077/p
El-Mercado,Pechuga de pavo loncha fina reducida en sal 200 g,"1,65 €","8,00 €/kg",https://www.carrefour.es/supermercado/queso-parmesano-reggiano-dop-parmeggio-hispano-italiana-200-g/R-522715077/p
El-Mercado,Cortes de alcachofa Carrefour 400 g.,"3,95 €","4,12 €/kg",https://www.carrefour.es/supermercado/jamon-cocido-en-finas-lochas-casa-tarradellas-125-g-casa-tarradellas/R-521030993/p
El-Mercado,Queso desnatado fresco Burgo de Arias pack de 6 unidades de 72 g.,"2,10 €","9,14 €/kg",https://www.carrefour.es/supermercado/jamon-cocido-en-finas-lochas-casa-tarradellas-125-g-casa-tarradellas/R-521030993/p
El-Mercado,Jamón cocido extra lonchas finas y enteras Argal Bonnatur sin gluten sin lactosa 140 g.,"2,25 €","15,00 €/kg",https://www.carrefour.es/supermercado/brocoli-carrefour-230-g-carrefour/R-prod271052/p
El-Mercado,Mora de España Onuba Fruit 125 g,"0,99 €","18,00 €/kg",https://www.carrefour.es/supermercado/brocoli-carrefour-230-g-carrefour/R-prod271052/p
El-Mercado,Queso rallado 4 Quesos Président 150 g.,"1,15 €","12,40 €/kg",https://www.carrefour.es/supermercado/mezcla-para-sofrito-carrefour-450-g-carrefour/R-589702172/p
El-Mercado,Pan de molde integral sin corteza Carrefour 450 g.,"0,99 €","2,20 €/kg",https://www.carrefour.es/supermercado/mezcla-para-sofrito-carrefour-450-g-carrefour/R-589702172/p
El-Mercado,Cilantro cortado Carrefour 20 g,"4,62 €","57,50 €/kg",https://www.carrefour.es/supermercado/judia-fina-flow-pack-250-g/R-521015254/p
El-Mercado,Pan de la abuela integral 100%,"3,08 €","2,75 €/kg",https://www.carrefour.es/supermercado/judia-fina-flow-pack-250-g/R-521015254/p
El-Mercado,Pimiento rojo ecológico Carrefour Bio 400 g,"2,69 €","6,72 €/kg",https://www.carrefour.es/supermercado/pimiento-rojo-ecologico-carrefour-bio-400-g-carrefour-bio/R-prod930175/p
El-Mercado,Jamón serrano reserva medias lonchas Carrefour sin lactosa 70 g.,"0,99 €","14,14 €/kg",https://www.carrefour.es/supermercado/pimiento-rojo-ecologico-carrefour-bio-400-g-carrefour-bio/R-prod930175/p
El-Mercado,Filetes de tapa o contra de Añojo Calidad y Origen Carrefour 300 g aprox,"3,06 €","10,20 €/kg",https://www.carrefour.es/supermercado/jamon-serrano-reserva-medias-lonchas-carrefour-sin-lactosa-70-g/R-VC4AECOMM-436278/p
El-Mercado,"Manzana roja Carrefour 1,5 kg","2,09 €","1,39 €/kg",https://www.carrefour.es/supermercado/jamon-serrano-reserva-medias-lonchas-carrefour-sin-lactosa-70-g/R-VC4AECOMM-436278/p
El-Mercado,Corazón de lechuga romana 650 g,"1,45 €","0,72 €/ud",https://www.carrefour.es/supermercado/filetes-de-tapa-o-contra-de-anojo-calidad-y-origen-carrefour-300-g-aprox-calidad-y-origen-carrefour/R-prod1070084/p
El-Mercado,Carne picada de cerdo Ibérico Legado ElPozo 400 g,"2,85 €","7,12 €/kg",https://www.carrefour.es/supermercado/filetes-de-tapa-o-contra-de-anojo-calidad-y-origen-carrefour-300-g-aprox-calidad-y-origen-carrefour/R-prod1070084/p
El-Mercado,Pechuga de pavo en lonchas finas bajo contenido en grasas y reducido en sal Carefour sin gluten pack de 2 unidades de 200 g.,"2,89 €","7,22 €/kg",https://www.carrefour.es/supermercado/manzana-roja-carrefour-1-5-kg/R-fprod1460518/p
El-Mercado,Corazón de escarola Carrefour 150 g,"1,15 €","7,67 €/kg",https://www.carrefour.es/supermercado/manzana-roja-carrefour-1-5-kg/R-fprod1460518/p
El-Mercado,Pata de pulpo cocido 300 g,"9,95 €","33,17 €/kg",https://www.carrefour.es/supermercado/corazon-de-lechuga-romana-650-g-carrefour/R-521032315/p
El-Mercado,Masa brisa Carrefour 230 g.,"1,19 €","5,17 €/kg",https://www.carrefour.es/supermercado/corazon-de-lechuga-romana-650-g-carrefour/R-521032315/p
El-Mercado,Bacon ahumado cocido 200 g,"1,79 €","8,95 €/kg",https://www.carrefour.es/supermercado/carne-picada-de-cerdo-iberico-legado-elpozo-400-g-legado-elpozo/R-607902468/p
El-Mercado,Zanahoria ecológica granel 500 g aprox,"0,99 €","1,99 €/kg",https://www.carrefour.es/supermercado/carne-picada-de-cerdo-iberico-legado-elpozo-400-g-legado-elpozo/R-607902468/p
El-Mercado,Taquitos de jamón serrano Navidul sin gluten 120 g.,"1,43 €","16,67 €/kg",https://www.carrefour.es/supermercado/pechuga-de-pavo-en-lonchas-finas-bajo-contenido-en-grasas-y-reducido-en-sal-carefour-sin-gluten-pack-de-2-unidades-de-200-g/R-VC4AECOMM-472699/p
El-Mercado,Queso mozzarella Italiana light Galbani 125 g.,"1,42 €","11,44 €/kg",https://www.carrefour.es/supermercado/pechuga-de-pavo-en-lonchas-finas-bajo-contenido-en-grasas-y-reducido-en-sal-carefour-sin-gluten-pack-de-2-unidades-de-200-g/R-VC4AECOMM-472699/p
El-Mercado,Queso fundido 24 porciones Carrefour Kids 400 g.,"2,00 €","3,55 €/kg",https://www.carrefour.es/supermercado/corazon-de-escarola-carrefour-150-g-carrefour/R-521032343/p
El-Mercado,Guisante fino Findus 400 g.,"1,35 €","4,12 €/kg",https://www.carrefour.es/supermercado/corazon-de-escarola-carrefour-150-g-carrefour/R-521032343/p
El-Mercado,Hogaza de pan natural 100% rebanada 500 g,"1,15 €","4,00 €/kg",https://www.carrefour.es/supermercado/pata-de-pulpo-cocido-300-g-merimar/R-526010749/p
El-Mercado,Tostadas mini redondas extrafinas Bimbo 100 g.,"0,59 €","13,50 €/kg",https://www.carrefour.es/supermercado/pata-de-pulpo-cocido-300-g-merimar/R-526010749/p
El-Mercado,Taquitos de chorizo extra Carrefour sin gluten 100 g.,"2,39 €","11,50 €/kg",https://www.carrefour.es/supermercado/masa-brisa-carrefour-230-g-carrefour/R-663201868/p
El-Mercado,Pan de molde con corteza Carrefour 460 g.,"1,64 €","1,28 €/kg",https://www.carrefour.es/supermercado/masa-brisa-carrefour-230-g-carrefour/R-663201868/p
El-Mercado,Kiwi ecológico Zespri 500 g,"2,71 €","4,78 €/kg",https://www.carrefour.es/supermercado/bacon-ahumado-cocido-200-g-carrefour/R-fprod1420043/p
El-Mercado,Mortadela con aceitunas lonchas El Pozo sin gluten 225 g.,"2,97 €","7,29 €/kg",https://www.carrefour.es/supermercado/bacon-ahumado-cocido-200-g-carrefour/R-fprod1420043/p
El-Mercado,Chorizo dulce sin gluten 200 g.,"1,28 €","6,40 €/kg",https://www.carrefour.es/supermercado/chorizo-dulce-sin-gluten-200-g-producto-blanco/R-871900849/p
El-Mercado,Hogaza de pan 100% integral Carrefour 500 g.,"1,18 €","2,36 €/kg",https://www.carrefour.es/supermercado/chorizo-dulce-sin-gluten-200-g-producto-blanco/R-871900849/p
El-Mercado,Tinta de sepia congelada 2 ud de 4 g,"0,29 €","0,29 €/ud",https://www.carrefour.es/supermercado/hogaza-de-pan-100-integral-carrefour-500-g/R-VC4AECOMM-436829/p
El-Mercado,Tomate ensalada 700 g,"1,46 €","2,09 €/kg",https://www.carrefour.es/supermercado/hogaza-de-pan-100-integral-carrefour-500-g/R-VC4AECOMM-436829/p
El-Mercado,Panecillo integral 51% Carrefour 5 ud,"1,00 €","0,20 €/ud",https://www.carrefour.es/supermercado/tinta-de-sepia-congelada-2-ud-de-4-g/R-prod64592/p
El-Mercado,Chuletón de vacuno 1 Kg aprox,"2,57 €","10,50 €/kg",https://www.carrefour.es/supermercado/tinta-de-sepia-congelada-2-ud-de-4-g/R-prod64592/p
El-Mercado,Jamoncitos de pollo Carrefour 500 g aprox,"8,95 €","5,15 €/kg",https://www.carrefour.es/supermercado/tomate-ensalada-700-g/R-521032209/p
El-Mercado,Lomo de salmón congelado Friusa 300 g,"1,25 €","29,83 €/kg",https://www.carrefour.es/supermercado/tomate-ensalada-700-g/R-521032209/p
El-Mercado,Kale Carrefour 200 g,"5,40 €","6,25 €/kg",https://www.carrefour.es/supermercado/panecillo-integral-51-carrefour-5-ud-carrefour/R-837617109/p
El-Mercado,Salmón ahumado Royal 100 g.,"1,99 €","54,00 €/kg",https://www.carrefour.es/supermercado/panecillo-integral-51-carrefour-5-ud-carrefour/R-837617109/p
El-Mercado,Chorizo picante extra sarta Carrefour sin gluten 280 g.,"0,79 €","7,11 €/kg",https://www.carrefour.es/supermercado/chuleton-de-vacuno-1-kg-aprox-carrefour/R-784417842/p
El-Mercado,Coles de Bruselas Carrefour 450 g.,"1,78 €","1,76 €/kg",https://www.carrefour.es/supermercado/chuleton-de-vacuno-1-kg-aprox-carrefour/R-784417842/p
El-Mercado,Mortadela de pavo en lonchas El Pozo sin gluten 225 g.,"1,99 €","7,91 €/kg",https://www.carrefour.es/supermercado/jamoncitos-de-pollo-carrefour-500-g-aprox-carrefour/R-prod1020234/p
El-Mercado,Ensalada césar Carrefour 215 g,"3,11 €","9,26 €/kg",https://www.carrefour.es/supermercado/jamoncitos-de-pollo-carrefour-500-g-aprox-carrefour/R-prod1020234/p
El-Mercado,Frambruesa Carrefour 250 g,"0,83 €","12,44 €/kg",https://www.carrefour.es/supermercado/lomo-de-salmon-congelado-friusa-300-g-carrefour/R-820613818/p
El-Mercado,Patatas fritas corte fino para horno Carrefour 600 g.,"1,49 €","1,38 €/kg",https://www.carrefour.es/supermercado/lomo-de-salmon-congelado-friusa-300-g-carrefour/R-820613818/p
El-Mercado,Pimiento rojo Carrefour a granel 1 kg aprox,"1,65 €","1,49 €/kg",https://www.carrefour.es/supermercado/kale-carrefour-200-g-carrefour/R-prod760336/p
El-Mercado,Tomate bola ecológico Carrefour Bio 500 g,"4,50 €","3,30 €/kg",https://www.carrefour.es/supermercado/kale-carrefour-200-g-carrefour/R-prod760336/p
El-Mercado,"Queso semicurado mezcla ya cortado García Baquero cuña 1/8, 250 g","1,70 €","18,00 €/kg",https://www.carrefour.es/supermercado/salmon-ahumado-royal-100-g-royal/R-521007429/p
El-Mercado,Queso azul semicurado Carrefour cuña de 180 g,"1,85 €","9,44 €/kg",https://www.carrefour.es/supermercado/salmon-ahumado-royal-100-g-royal/R-521007429/p
El-Mercado,Pepino ecológico Carrefour Bio 700 g,"2,50 €","2,64 €/kg",https://www.carrefour.es/supermercado/chorizo-picante-extra-sarta-carrefour-sin-gluten-280-g-carrefour/R-521030882/p
El-Mercado,Queso en porciones El Caserío 375 g.,"2,01 €","6,67 €/kg",https://www.carrefour.es/supermercado/chorizo-picante-extra-sarta-carrefour-sin-gluten-280-g-carrefour/R-521030882/p
El-Mercado,Media gallina Nutrave 600 g aprox,"2,00 €","3,35 €/kg",https://www.carrefour.es/supermercado/coles-de-bruselas-carrefour-450-g-carrefour/R-521031628/p
El-Mercado,Lomo curado embuchado loncheado Embutidos España bipack (2x75g) envase 150 g,"2,40 €","16,00 €/kg",https://www.carrefour.es/supermercado/lomo-curado-embuchado-loncheado-embutidos-espana-bipack-2x75g-envase-150-g-embutidos-y-jamones-espana-e-hijos/R-826004893/p
El-Mercado,Crackers integrales Carrefour 250 g.,"0,93 €","3,72 €/kg",https://www.carrefour.es/supermercado/lomo-curado-embuchado-loncheado-embutidos-espana-bipack-2x75g-envase-150-g-embutidos-y-jamones-espana-e-hijos/R-826004893/p
El-Mercado,Hamburguesa mini añojo Calidad y Origen Carrefour 360 g,"2,99 €","8,31 €/kg",https://www.carrefour.es/supermercado/promocion?promoId=promof2550027
El-Mercado,Pechuga de pavo bajo en grasa y sal loncheada Noel envase 180 g,"2,10 €","12,35 €/kg",https://www.carrefour.es/supermercado/crackers-integrales-carrefour-250-g-carrefour/R-521002661/p
El-Mercado,Centro jamón serrano Gran Reserva Carrefour al corte 150 g aprox,"3,29 €","21,95 €/kg",https://www.carrefour.es/supermercado/crackers-integrales-carrefour-250-g-carrefour/R-521002661/p
El-Mercado,Berlina Glacé Donuts 8 ud.,"3,25 €","7,81 €/kg",https://www.carrefour.es/supermercado/hamburguesa-mini-anojo-calidad-y-origen-carrefour-360-g/R-VC4AECOMM-578300/p
El-Mercado,Manzana golden ecológica bandeja 4 ud 600 g,"2,49 €","4,15 €/kg",https://www.carrefour.es/supermercado/hamburguesa-mini-anojo-calidad-y-origen-carrefour-360-g/R-VC4AECOMM-578300/p
El-Mercado,Filete 1ªA de carne de Guadarrama 500 g aprox,"7,47 €","14,95 €/kg",https://www.carrefour.es/supermercado/pechuga-de-pavo-bajo-en-grasa-y-sal-loncheada-noel-envase-180-g-noel/R-prod63744/p
El-Mercado,Napolitana Chocolate Carrefour 320 g.,"0,99 €","3,09 €/kg",https://www.carrefour.es/supermercado/pechuga-de-pavo-bajo-en-grasa-y-sal-loncheada-noel-envase-180-g-noel/R-prod63744/p
El-Mercado,"Queso puro de oveja viejo graso Flor de Esgueva cuña 1/8, 410 g aprox","1,64 €","13,95 €/kg",https://www.carrefour.es/supermercado/centro-jamon-serrano-gran-reserva-carrefour-al-corte-150-g-aprox-carrefour/R-prod221882/p
El-Mercado,Pechuga de pavo braseada El Pozo Edición 1954 al corte sin gluten y sin lactosa 150 g aprox,"3,15 €","7,95 €/kg",https://www.carrefour.es/supermercado/centro-jamon-serrano-gran-reserva-carrefour-al-corte-150-g-aprox-carrefour/R-prod221882/p
El-Mercado,Queso tierno barra Larsa al corte 150 g aprox,"3,20 €","10,95 €/kg",https://www.carrefour.es/supermercado/berlina-glace-donuts-8-ud-donuts/R-fprod1190728/p
El-Mercado,Contramuslo de pollo fileteado Carrefour 500 g aprox,"1,56 €","6,30 €/kg",https://www.carrefour.es/supermercado/berlina-glace-donuts-8-ud-donuts/R-fprod1190728/p
El-Mercado,Queso en porciones Light La Vaca que ríe 24 ud.,"0,83 €","8,08 €/kg",https://www.carrefour.es/supermercado/promocion?promoId=promof2530112
El-Mercado,Mousse pato medallón Aoste pack de 2 unidades de 100 g,"1,19 €","16,00 €/kg",https://www.carrefour.es/supermercado/manzana-golden-ecologica-bandeja-4-ud-600-g-carrefour-bio/R-589705758/p
El-Mercado,Masa fresca pizza Casa Tarradellas 260 g.,"1,11 €","6,00 €/kg",https://www.carrefour.es/supermercado/manzana-golden-ecologica-bandeja-4-ud-600-g-carrefour-bio/R-589705758/p
El-Mercado,Pan rallado clásico Gallo sin lactosa 500 g.,"7,55 €","1,66 €/kg",https://www.carrefour.es/supermercado/filete-1a-de-carne-de-guadarrama-500-g-aprox-carrefour/R-607902140/p
El-Mercado,Lechuga batavia verde 1 ud,"2,00 €","1,19 €/ud",https://www.carrefour.es/supermercado/filete-1a-de-carne-de-guadarrama-500-g-aprox-carrefour/R-607902140/p
El-Mercado,Magdalenas Valenciana DulceSol 350 g.,"1,50 €","3,17 €/kg",https://www.carrefour.es/supermercado/napolitana-chocolate-carrefour-320-g-carrefour/R-521007237/p
El-Mercado,Almeja marinera fresca 500 g,"2,10 €","15,10 €/kg",https://www.carrefour.es/supermercado/napolitana-chocolate-carrefour-320-g-carrefour/R-521007237/p
El-Mercado,Anguriñas Pescanova pack de 2 unidades de 100 g.,"2,30 €","10,00 €/kg",https://www.carrefour.es/supermercado/queso-puro-de-oveja-viejo-graso-flor-de-esgueva-cuna-1-8-410-g-aprox/R-521035617/p
El-Mercado,Surtido de tomate cherry La Caña 250 g,"1,29 €","5,16 €/kg",https://www.carrefour.es/supermercado/surtido-de-tomate-cherry-la-cana-250-g/R-VC4AECOMM-443165/p
El-Mercado,Baguetinas congeladas Maheso pack de 4 unidades de 125 g.,"2,09 €","4,18 €/kg",https://www.carrefour.es/supermercado/surtido-de-tomate-cherry-la-cana-250-g/R-VC4AECOMM-443165/p
El-Mercado,Palitos de mar 400 g,"4,99 €","12,47 €/kg",https://www.carrefour.es/supermercado/baguetinas-congeladas-maheso-pack-de-4-unidades-de-125-g-maheso/R-521031486/p
El-Mercado,Rabo de vacuno 500 g aprox,"4,97 €","9,95 €/kg",https://www.carrefour.es/supermercado/baguetinas-congeladas-maheso-pack-de-4-unidades-de-125-g-maheso/R-521031486/p
El-Mercado,Fuet extra Carrefour sin gluten pack de 2 unidades de 150 g.,"2,50 €","8,33 €/kg",https://www.carrefour.es/supermercado/palitos-de-mar-400-g-krissia/R-521032020/p
El-Mercado,Tortilla de patata con cebolla 300 g,"2,00 €","6,67 €/kg",https://www.carrefour.es/supermercado/palitos-de-mar-400-g-krissia/R-521032020/p
El-Mercado,Lacón cocido extra y ahumado a la leña en lonchas sin gluten y sin lactosa 180 g,"2,25 €","12,50 €/kg",https://www.carrefour.es/supermercado/rabo-de-vacuno-500-g-aprox-carrefour/R-836658289/p
El-Mercado,Menestra de verduras Findus 1 kg.,"3,74 €","3,74 €/kg",https://www.carrefour.es/supermercado/rabo-de-vacuno-500-g-aprox-carrefour/R-836658289/p
El-Mercado,Queso brie punta President 200 g,"2,95 €","14,75 €/kg",https://www.carrefour.es/supermercado/fuet-extra-carrefour-sin-gluten-pack-de-2-unidades-de-150-g-carrefour/R-521030839/p
El-Mercado,Apio verde manojo de 1 Kg,"1,95 €","1,95 €/kg",https://www.carrefour.es/supermercado/fuet-extra-carrefour-sin-gluten-pack-de-2-unidades-de-150-g-carrefour/R-521030839/p
El-Mercado,Salchichas con queso Carrefour 200 g.,"0,60 €","3,00 €/kg",https://www.carrefour.es/supermercado/tortilla-de-patata-con-cebolla-300-g-palacios/R-589807762/p
El-Mercado,Queso Manchego de oveja Don Julián curado viejo D.O.P. Sanabria cuña de 250 g,"2,95 €","14,75 €/kg",https://www.carrefour.es/supermercado/tortilla-de-patata-con-cebolla-300-g-palacios/R-589807762/p
El-Mercado,Queso emmental Carrefour 200 g.,"1,57 €","7,85 €/kg",https://www.carrefour.es/supermercado/HuchaPromocion?promoId=huchaDisc440022
El-Mercado,Queso fresco de cabra El Abuelo 300 g.,"2,40 €","8,00 €/kg",https://www.carrefour.es/supermercado/lacon-cocido-extra-y-ahumado-a-la-lena-en-lonchas-sin-gluten-y-sin-lactosa-180-g/R-VC4AECOMM-445653/p
El-Mercado,Queso rulo de cabra Sant Maure 180 g,"3,00 €","16,67 €/kg",https://www.carrefour.es/supermercado/lacon-cocido-extra-y-ahumado-a-la-lena-en-lonchas-sin-gluten-y-sin-lactosa-180-g/R-VC4AECOMM-445653/p
El-Mercado,Naranja ecológica Carrefour Bio 1 Kg,"1,99 €","1,99 €/kg",https://www.carrefour.es/supermercado/menestra-de-verduras-findus-1-kg-findus/R-763300104/p
El-Mercado,"Mini taquitos de jamón curado Espuña 2x50g, 100 g","1,90 €","19,00 €/kg",https://www.carrefour.es/supermercado/menestra-de-verduras-findus-1-kg-findus/R-763300104/p
El-Mercado,Pan tostado integral Carrefour 270 g.,"0,80 €","2,96 €/kg",https://www.carrefour.es/supermercado/queso-brie-punta-president-200-g/R-783928720/p
El-Mercado,Tortas de aceite Inés Rosales 180 g.,"1,39 €","7,72 €/kg",https://www.carrefour.es/supermercado/queso-brie-punta-president-200-g/R-783928720/p
El-Mercado,Mini fuet Snack'in Campofrío 50 g.,"1,14 €","22,80 €/kg",https://www.carrefour.es/supermercado/apio-verde-manojo-de-1-kg/R-521031385/p
El-Mercado,Chorizo de pavo extra Carrefour sin gluten sin lactosa pack de 2 unidades de 75 g.,"1,89 €","12,60 €/kg",https://www.carrefour.es/supermercado/apio-verde-manojo-de-1-kg/R-521031385/p
El-Mercado,Espinacas cortadas Carrefour 1 kg.,"1,19 €","1,19 €/kg",https://www.carrefour.es/supermercado/salchichas-con-queso-carrefour-200-g-carrefour/R-521031113/p
El-Mercado,Picos con aceite de oliva virgen extra Horno Antequerano bolsa 150 g,"1,89 €","12,60 €/kg",https://www.carrefour.es/supermercado/salchichas-con-queso-carrefour-200-g-carrefour/R-521031113/p
El-Mercado,Brotes de espinaca y rúcula Carrefour 150 g,"1,49 €","9,93 €/kg",https://www.carrefour.es/supermercado/queso-manchego-de-oveja-don-julian-curado-viejo-dop-sanabria-cuna-de-250-g/R-VC4AECOMM-585027/p
El-Mercado,Cogollos de lechuga ecológicos Carrefour Bio 200 g,"1,65 €","0,82 €/ud",https://www.carrefour.es/supermercado/cogollos-de-lechuga-ecologicos-carrefour-bio-200-g-carrefour-bio/R-600709100/p
El-Mercado,Berlinas bombón Donuts 4 ud.,"1,99 €","9,05 €/kg",https://www.carrefour.es/supermercado/cogollos-de-lechuga-ecologicos-carrefour-bio-200-g-carrefour-bio/R-600709100/p
El-Mercado,Guacamole Carrefour 500 g,"3,29 €","6,58 €/kg",https://www.carrefour.es/supermercado/berlinas-bombon-donuts-4-ud-donuts/R-715505824/p
El-Mercado,Anillas de pota argentina Carrefour 450 g.,"4,55 €","10,11 €/kg",https://www.carrefour.es/supermercado/berlinas-bombon-donuts-4-ud-donuts/R-715505824/p
El-Mercado,Boniato ecológico 650 g,"2,55 €","5,10 €/kg",https://www.carrefour.es/supermercado/guacamole-carrefour-500-g-carrefour/R-prod1160594/p
El-Mercado,Jamón cocido y ahumado a la leña extra en lonchas sin gluten y sin lactosa 180 g,"2,25 €","12,50 €/kg",https://www.carrefour.es/supermercado/guacamole-carrefour-500-g-carrefour/R-prod1160594/p
El-Mercado,Lechuga trocadero Carrefour 150 g,"1,65 €","11,00 €/kg",https://www.carrefour.es/supermercado/HuchaPromocion?promoId=huchaDisc440012
El-Mercado,Surtido de picos y regañás con aceite de oliva virgen extra Carrefour sin lactosa 450 g.,"1,57 €","3,49 €/kg",https://www.carrefour.es/supermercado/anillas-de-pota-argentina-carrefour-450-g-carrefour/R-649302141/p
El-Mercado,Pan de molde con corteza blanca Bimbo 450 g.,"1,89 €","4,20 €/kg",https://www.carrefour.es/supermercado/anillas-de-pota-argentina-carrefour-450-g-carrefour/R-649302141/p
El-Mercado,Jamón cocido braseado Campofrío Finissimas sin gluten 115 g.,"1,86 €","16,17 €/kg",https://www.carrefour.es/supermercado/boniato-ecologico-650-g-carrefour-bio/R-827511606/p
El-Mercado,Tomate pera ecológico Carrefour Bio 500 g,"1,55 €","3,10 €/kg",https://www.carrefour.es/supermercado/boniato-ecologico-650-g-carrefour-bio/R-827511606/p
El-Mercado,Colines Carrefour 250 g.,"0,44 €","1,76 €/kg",https://www.carrefour.es/supermercado/jamon-cocido-y-ahumado-a-la-lena-extra-en-lonchas-sin-gluten-y-sin-lactosa-180-g/R-VC4AECOMM-445648/p
El-Mercado,Alas de pollo congeladas 1 kg,"2,55 €","2,55 €/kg",https://www.carrefour.es/supermercado/jamon-cocido-y-ahumado-a-la-lena-extra-en-lonchas-sin-gluten-y-sin-lactosa-180-g/R-VC4AECOMM-445648/p
El-Mercado,Queso gouda lonchas ecológico Carrefour Bio 200 g.,"1,99 €","9,95 €/kg",https://www.carrefour.es/supermercado/lechuga-trocadero-carrefour-150-g-carrefour/R-521032345/p
El-Mercado,Bacalao desmigado desalado Carrefour 250 g.,"3,75 €","15,00 €/kg",https://www.carrefour.es/supermercado/lechuga-trocadero-carrefour-150-g-carrefour/R-521032345/p
El-Mercado,Pechuga de Pavo Bonnatur Argal al corte 150 g aprox,"1,94 €","12,95 €/kg",https://www.carrefour.es/supermercado/surtido-de-picos-y-reganas-con-aceite-de-oliva-virgen-extra-carrefour-sin-lactosa-450-g-carrefour/R-prod930292/p
El-Mercado,Pechuga pavo mini Campofrío - Pavofrío 380 g.,"1,99 €","8,95 €/kg",https://www.carrefour.es/supermercado/surtido-de-picos-y-reganas-con-aceite-de-oliva-virgen-extra-carrefour-sin-lactosa-450-g-carrefour/R-prod930292/p
El-Mercado,Tomate mini cherry rama 200 g,"1,65 €","9,95 €/kg",https://www.carrefour.es/supermercado/pan-de-molde-con-corteza-blanca-bimbo-450-g-bimbo/R-521007139/p
El-Mercado,Queso rallado emmental Carrefour sin lactosa 150 g.,"1,65 €","11,00 €/kg",https://www.carrefour.es/supermercado/pan-de-molde-con-corteza-blanca-bimbo-450-g-bimbo/R-521007139/p
El-Mercado,"Verduras para micro brócoli, zanahoria y coliflor Florette 275 g","1,36 €","6,00 €/kg",https://www.carrefour.es/supermercado/jamon-cocido-braseado-campofrio-finissimas-sin-gluten-115-g-campofrio-finissimas/R-521030989/p
El-Mercado,Queso de untar ecológico Carrefour Bio 200 g.,"2,20 €","6,80 €/kg",https://www.carrefour.es/supermercado/jamon-cocido-braseado-campofrio-finissimas-sin-gluten-115-g-campofrio-finissimas/R-521030989/p
El-Mercado,Queso rallado 4 quesos especial gratinar El Caserío 150 g.,"1,89 €","14,67 €/kg",https://www.carrefour.es/supermercado/tomate-pera-ecologico-carrefour-bio-500-g-carrefour-bio/R-602104264/p
El-Mercado,Salchichón de pavo extra Carrefour sin gluten pack de 2 unidades de 75 g.,"1,55 €","12,60 €/kg",https://www.carrefour.es/supermercado/tomate-pera-ecologico-carrefour-bio-500-g-carrefour-bio/R-602104264/p
El-Mercado,Espinacas hojas en porciones Carrefour 1 kg.,"1,13 €","1,13 €/kg",https://www.carrefour.es/supermercado/espinacas-hojas-en-porciones-carrefour-1-kg-carrefour/R-546501874/p
El-Mercado,"Queso en lonchas Tranchettes pack de 22 unidades de 17,5 g.","2,80 €","7,27 €/kg",https://www.carrefour.es/supermercado/espinacas-hojas-en-porciones-carrefour-1-kg-carrefour/R-546501874/p
El-Mercado,Paté de hígado de cerdo Carrefour pack de 4 unidades de 78 g.,"1,94 €","8,29 €/kg",https://www.carrefour.es/supermercado/queso-en-lonchas-tranchettes-pack-de-22-unidades-de-17-5-g-tranchettes/R-521030616/p
El-Mercado,"Pera blanquilla Carrefour 1,5 kg","2,09 €","1,39 €/kg",https://www.carrefour.es/supermercado/queso-en-lonchas-tranchettes-pack-de-22-unidades-de-17-5-g-tranchettes/R-521030616/p
El-Mercado,Preparado de marisco para paella Carrefour 400 g.,"2,39 €","5,97 €/kg",https://www.carrefour.es/supermercado/pate-de-higado-de-cerdo-carrefour-pack-de-4-unidades-de-78-g-carrefour/R-521006577/p
El-Mercado,Queso fundido en porciones 250 g.,"0,81 €","3,24 €/kg",https://www.carrefour.es/supermercado/pate-de-higado-de-cerdo-carrefour-pack-de-4-unidades-de-78-g-carrefour/R-521006577/p
El-Mercado,Pan de leche Pasquier 350 g.,"2,10 €","6,00 €/kg",https://www.carrefour.es/supermercado/pera-blanquilla-carrefour-1-5-kg/R-fprod1460516/p
El-Mercado,Berlinas de azúcar Carrefour 4 ud,"2,65 €","0,25 €/ud",https://www.carrefour.es/supermercado/pera-blanquilla-carrefour-1-5-kg/R-fprod1460516/p
El-Mercado,Salmón ahumado 100 g.,"1,35 €","26,50 €/kg",https://www.carrefour.es/supermercado/preparado-de-marisco-para-paella-carrefour-400-g-carrefour/R-prod1130608/p
El-Mercado,Pollo certificado limpio Carrefour 2 kg,"1,99 €","2,99 €/kg",https://www.carrefour.es/supermercado/preparado-de-marisco-para-paella-carrefour-400-g-carrefour/R-prod1130608/p
El-Mercado,Salchichas con queso fundido estilo frankfurt Carrefour pack de 4 sobres de 140 g.,"3,75 €","2,41 €/kg",https://www.carrefour.es/supermercado/queso-fundido-en-porciones-250-g-producto-blanco/R-538408191/p
El-Mercado,Jamón cocido premium delizias Embutidos Noel 120 g,"10,95 €","18,09 €/kg",https://www.carrefour.es/supermercado/queso-fundido-en-porciones-250-g-producto-blanco/R-538408191/p
El-Mercado,Tomate corazón de buey Carrefour a granel 1 Kg aprox.,"0,40 €","3,75 €/kg",https://www.carrefour.es/supermercado/pan-de-leche-pasquier-350-g-pasquier/R-526501288/p
El-Mercado,Gula del norte Angulas Aguinaga pack de 3 unidades de 200 g.,"1,59 €","18,25 €/kg",https://www.carrefour.es/supermercado/pan-de-leche-pasquier-350-g-pasquier/R-526501288/p
El-Mercado,Barra Baguette Carrefour 250 g,"2,20 €","1,60 €/kg",https://www.carrefour.es/supermercado/berlinas-de-azucar-carrefour-4-ud-carrefour/R-696602450/p
El-Mercado,Brócoli floretes Carrefour 400 g,"1,90 €","3,97 €/kg",https://www.carrefour.es/supermercado/berlinas-de-azucar-carrefour-4-ud-carrefour/R-696602450/p
El-Mercado,Pan de hamburguesa artesano Bimbo 4 ud.,"2,95 €","5,80 €/kg",https://www.carrefour.es/supermercado/salmon-ahumado-100-g-producto-blanco/R-fprod1460414/p
El-Mercado,Filete de jamón de cerdo Carrefour 450 g aprox,"1,25 €","4,90 €/kg",https://www.carrefour.es/supermercado/salmon-ahumado-100-g-producto-blanco/R-fprod1460414/p
El-Mercado,Menestra especial de verduras Carrefour 1 kg.,"0,85 €","1,90 €/kg",https://www.carrefour.es/supermercado/pollo-certificado-limpio-carrefour-2-kg-carrefour/R-791562917/p
El-Mercado,Queso grana padano D.O.P. Carrefour 200 g,"7,16 €","14,75 €/kg",https://www.carrefour.es/supermercado/pollo-certificado-limpio-carrefour-2-kg-carrefour/R-791562917/p
El-Mercado,Ajo-Puerro tierno grande manojo de 150 g,"1,04 €","8,33 €/kg",https://www.carrefour.es/supermercado/salchichas-con-queso-fundido-estilo-frankfurt-carrefour-pack-de-4-sobres-de-140-g/R-fprod1460356/p
El-Mercado,Costilla de Cerdo adobada Carrefour 450 g aprox,"3,78 €","8,40 €/kg",https://www.carrefour.es/supermercado/costilla-de-cerdo-adobada-carrefour-450-g-aprox-carrefour/R-522714420/p
El-Mercado,Guisantes muy tiernos Carrefour 300 g.,"0,80 €","2,67 €/kg",https://www.carrefour.es/supermercado/costilla-de-cerdo-adobada-carrefour-450-g-aprox-carrefour/R-522714420/p
El-Mercado,Cebollino fresco cortado Carrefour 20 g,"1,15 €","57,50 €/kg",https://www.carrefour.es/supermercado/guisantes-muy-tiernos-carrefour-300-g-carrefour/R-589702176/p
El-Mercado,Boquerón limpio congelado Delfín 500 g.,"4,70 €","9,40 €/kg",https://www.carrefour.es/supermercado/guisantes-muy-tiernos-carrefour-300-g-carrefour/R-589702176/p
El-Mercado,Hamburguesa de vacuno ecológica sin gluten y sin lactosa Carrefour Bio 2x120 g,"2,39 €","9,96 €/kg",https://www.carrefour.es/supermercado/cebollino-fresco-cortado-carrefour-20-g-carrefour/R-600804701/p
El-Mercado,Tiras de bacon natural ahumado El Pozo pack de 2 unidades de 55 g.,"1,00 €","10,00 €/kg",https://www.carrefour.es/supermercado/cebollino-fresco-cortado-carrefour-20-g-carrefour/R-600804701/p
El-Mercado,Dados de queso ensaladas cheddar y samsoe Carrefour 200 g.,"1,58 €","7,90 €/kg",https://www.carrefour.es/supermercado/boqueron-limpio-congelado-delfin-500-g-delfin/R-prod670171/p
El-Mercado,Chorizo picante extra sarta Palacios 250 g.,"3,46 €","13,84 €/kg",https://www.carrefour.es/supermercado/boqueron-limpio-congelado-delfin-500-g-delfin/R-prod670171/p
El-Mercado,Filetes de bacalao congelados Dimar 400 g.,"6,50 €","18,06 €/kg",https://www.carrefour.es/supermercado/hamburguesa-de-vacuno-ecologica-sin-gluten-y-sin-lactosa-carrefour-bio-2x120-g-carrefour-bio/R-prod1070059/p
El-Mercado,Queso rallado mozzarella Miraflores 250 g.,"1,19 €","9,80 €/kg",https://www.carrefour.es/supermercado/hamburguesa-de-vacuno-ecologica-sin-gluten-y-sin-lactosa-carrefour-bio-2x120-g-carrefour-bio/R-prod1070059/p
El-Mercado,Mortadela siciliana em lonchas El Pozo si gluten 225 g.,"1,25 €","6,84 €/kg",https://www.carrefour.es/supermercado/tiras-de-bacon-natural-ahumado-el-pozo-pack-de-2-unidades-de-55-g-elpozo/R-701802602/p
El-Mercado,Tomate cherry ecológico Carrefour Bio 250 g,"0,71 €","4,76 €/kg",https://www.carrefour.es/supermercado/tiras-de-bacon-natural-ahumado-el-pozo-pack-de-2-unidades-de-55-g-elpozo/R-701802602/p
El-Mercado,Pan de chapata Gourmet Carrefour 380 g,"1,34 €","2,98 €/kg",https://www.carrefour.es/supermercado/dados-de-queso-ensaladas-cheddar-y-samsoe-carrefour-200-g-carrefour/R-521030784/p
El-Mercado,Sobaos mini Carrefour sin aceite de palma 340 g.,"1,59 €","2,09 €/kg",https://www.carrefour.es/supermercado/dados-de-queso-ensaladas-cheddar-y-samsoe-carrefour-200-g-carrefour/R-521030784/p
El-Mercado,Jamón cocido premier braseado Argal al corte 150 g aprox,"2,10 €","8,95 €/kg",https://www.carrefour.es/supermercado/chorizo-picante-extra-sarta-palacios-250-g-palacios/R-521030884/p
El-Mercado,Cebolla blanca Carrefour 500 g,"3,95 €","3,18 €/kg",https://www.carrefour.es/supermercado/chorizo-picante-extra-sarta-palacios-250-g-palacios/R-521030884/p
El-Mercado,Queso havarti Loncha Millán Vicente 150 g.,"8,00 €","14,00 €/kg",https://www.carrefour.es/supermercado/filetes-de-bacalao-congelados-dimar-400-g-dimar/R-521031255/p
El-Mercado,Jamón serrano reserva en lonchas Juan Luna sin gluten 300 g,"0,79 €","13,17 €/kg",https://www.carrefour.es/supermercado/filetes-de-bacalao-congelados-dimar-400-g-dimar/R-521031255/p
El-Mercado,Pechuga de pollo fileteada ecológica Carrefour Bio 400 g,"1,00 €","19,99 €/kg",https://www.carrefour.es/supermercado/queso-rallado-mozzarella-miraflores-250-g-miraflores/R-828922485/p
El-Mercado,Panecillos integrales Carrefour 400 g.,"5,22 €","1,97 €/kg",https://www.carrefour.es/supermercado/queso-rallado-mozzarella-miraflores-250-g-miraflores/R-828922485/p
El-Mercado,Ensalada línea Carrefour 200 g,"2,80 €","5,00 €/kg",https://www.carrefour.es/supermercado/promocion?promoId=promof2530090
El-Mercado,Solomillo de cerdo Extratiernos ElPozo 600 g aprox,"1,24 €","8,70 €/kg",https://www.carrefour.es/supermercado/mortadela-siciliana-em-lonchas-el-pozo-si-gluten-225-g-elpozo/R-530363708/p
El-Mercado,Queso de untar con finas hierbas Philadelphia 150 g.,"1,90 €","12,67 €/kg",https://www.carrefour.es/supermercado/queso-de-untar-con-finas-hierbas-philadelphia-150-g-philadelphia/R-704404253/p
El-Mercado,Pan hamburguesa Bimbo 4 ud.,"1,21 €","5,50 €/kg",https://www.carrefour.es/supermercado/queso-de-untar-con-finas-hierbas-philadelphia-150-g-philadelphia/R-704404253/p
El-Mercado,Jamón serrano reserva finas lonchas Carrefour sin lactosa 120 g.,"2,07 €","17,25 €/kg",https://www.carrefour.es/supermercado/pan-hamburguesa-bimbo-4-ud-bimbo/R-526500904/p
El-Mercado,Jamon cocido extra sin fosfatos añadidos Carrefour 250 g.,"2,05 €","8,20 €/kg",https://www.carrefour.es/supermercado/pan-hamburguesa-bimbo-4-ud-bimbo/R-526500904/p
El-Mercado,Longaniza de payés en lonchas Carrefour sin gluten 100 g.,"1,20 €","12,00 €/kg",https://www.carrefour.es/supermercado/promocion?promoId=promof2530064
El-Mercado,Masa de empanada Buitoni 280 g.,"6,50 €","8,39 €/kg",https://www.carrefour.es/supermercado/jamon-serrano-reserva-finas-lonchas-carrefour-sin-lactosa-120-g/R-VC4AECOMM-436277/p
El-Mercado,Pescadilla fina 1 kg aprox,"3,06 €","6,50 €/kg",https://www.carrefour.es/supermercado/jamon-serrano-reserva-finas-lonchas-carrefour-sin-lactosa-120-g/R-VC4AECOMM-436277/p
El-Mercado,Seta shii-take Carrefour 200 g aprox,"1,50 €","12,25 €/kg",https://www.carrefour.es/supermercado/jamon-cocido-extra-sin-fosfatos-anadidos-carrefour-250-g/R-VC4AECOMM-431405/p
El-Mercado,Mini hamburguesa de pollo sin gluten y sin lactosa 200 g,"1,44 €","7,50 €/kg",https://www.carrefour.es/supermercado/jamon-cocido-extra-sin-fosfatos-anadidos-carrefour-250-g/R-VC4AECOMM-431405/p
El-Mercado,Pan de centeno con semillas de sésamo y amapola Carrefour 450 g.,"2,44 €","3,20 €/kg",https://www.carrefour.es/supermercado/longaniza-de-payes-en-lonchas-carrefour-sin-gluten-100-g-carrefour/R-530363218/p
El-Mercado,Queso mezcla tierno Carrefour 375 g aprox,"2,19 €","6,50 €/kg",https://www.carrefour.es/supermercado/longaniza-de-payes-en-lonchas-carrefour-sin-gluten-100-g-carrefour/R-530363218/p
El-Mercado,Queso fresco original Burgo de Arias pack de 3 unidades de 72 g.,"0,76 €","10,14 €/kg",https://www.carrefour.es/supermercado/masa-de-empanada-buitoni-280-g-buitoni/R-526627536/p
El-Mercado,Pan Burger 4 de unidades Carrefour 4 ud.,"6,95 €","3,45 €/kg",https://www.carrefour.es/supermercado/masa-de-empanada-buitoni-280-g-buitoni/R-526627536/p
El-Mercado,Palitos de mar Carrefour 450 g.,"3,95 €","2,44 €/kg",https://www.carrefour.es/supermercado/promocion?promoId=promof2530060
El-Mercado,Sepia limipia congelada 480 g,"2,10 €","11,58 €/kg",https://www.carrefour.es/supermercado/pescadilla-fina-1-kg-aprox/R-531505553/p
El-Mercado,Pimiento del piquillo relleno de bacalao congelados 400 g,"2,39 €","9,87 €/kg",https://www.carrefour.es/supermercado/pescadilla-fina-1-kg-aprox/R-531505553/p
El-Mercado,Queso feta ecológico Carrefour 180 g.,"2,69 €","11,67 €/kg",https://www.carrefour.es/supermercado/seta-shii-take-carrefour-200-g-aprox-carrefour/R-526517533/p
El-Mercado,Queso havarti en lonchas Arla 150 g.,"5,99 €","15,93 €/kg",https://www.carrefour.es/supermercado/seta-shii-take-carrefour-200-g-aprox-carrefour/R-526517533/p
El-Mercado,Manzana reineta verde a granel 1 Kg aprox,"0,99 €","2,69 €/kg",https://www.carrefour.es/supermercado/mini-hamburguesa-de-pollo-sin-gluten-y-sin-lactosa-200-g/R-VC4AECOMM-497337/p
El-Mercado,Secreto de cerdo Carrefour al vacío 1 kg aprox,"0,80 €","5,99 €/kg",https://www.carrefour.es/supermercado/mini-hamburguesa-de-pollo-sin-gluten-y-sin-lactosa-200-g/R-VC4AECOMM-497337/p
El-Mercado,"Queso desnatado blanco pasterizado Carrefour pack de 4 unidades de 62,5 g.","2,89 €","3,96 €/kg",https://www.carrefour.es/supermercado/pan-de-centeno-con-semillas-de-sesamo-y-amapola-carrefour-450-g-carrefour/R-prod550030/p
El-Mercado,Habas baby Carrefour 200 g.,"2,65 €","4,00 €/kg",https://www.carrefour.es/supermercado/pan-de-centeno-con-semillas-de-sesamo-y-amapola-carrefour-450-g-carrefour/R-prod550030/p
El-Mercado,Picatostes fritos sabor a ajo Carrefour 75 g.,"0,56 €","7,47 €/kg",https://www.carrefour.es/supermercado/picatostes-fritos-sabor-a-ajo-carrefour-75-g-carrefour/R-760342171/p
El-Mercado,Nabo blanco manojo de 500 g,"1,59 €","3,18 €/ud",https://www.carrefour.es/supermercado/picatostes-fritos-sabor-a-ajo-carrefour-75-g-carrefour/R-760342171/p
El-Mercado,Coliflor floretes Carrefour 500 g,"1,59 €","3,18 €/kg",https://www.carrefour.es/supermercado/nabo-blanco-manojo-de-500-g/R-521031705/p
El-Mercado,Palitos de pan con pipas Carrefour pack de 2x90 g.,"1,29 €","7,17 €/kg",https://www.carrefour.es/supermercado/nabo-blanco-manojo-de-500-g/R-521031705/p
El-Mercado,Gambón extra grande crudo 14/21 piezas Carrefour 700 g.,"8,35 €","11,93 €/kg",https://www.carrefour.es/supermercado/coliflor-floretes-carrefour-500-g/R-VC4AECOMM-444611/p
El-Mercado,Paté de hígado de cerdo Tapa Negra La Piara pack de 3 unidades de 75 g.,"2,85 €","12,67 €/kg",https://www.carrefour.es/supermercado/coliflor-floretes-carrefour-500-g/R-VC4AECOMM-444611/p
El-Mercado,Salami extra loncheado Tello bipack 2 envases 120 g,"1,40 €","5,83 €/kg",https://www.carrefour.es/supermercado/palitos-de-pan-con-pipas-carrefour-pack-de-2x90-g-carrefour/R-fprod1230231/p
El-Mercado,Longaniza blanca de cerdo fresca ElPozo 650 g,"3,17 €","4,88 €/kg",https://www.carrefour.es/supermercado/palitos-de-pan-con-pipas-carrefour-pack-de-2x90-g-carrefour/R-fprod1230231/p
El-Mercado,Pan tostado clásico Carrefour 270 g.,"0,70 €","2,59 €/kg",https://www.carrefour.es/supermercado/gambon-extra-grande-crudo-14-21-piezas-carrefour-700-g-carrefour/R-745415824/p
El-Mercado,Paté a las finas hierbas Carrefour sin gluten y sin lactosa 160 g.,"0,90 €","5,62 €/kg",https://www.carrefour.es/supermercado/gambon-extra-grande-crudo-14-21-piezas-carrefour-700-g-carrefour/R-745415824/p
El-Mercado,Jamón curado en lonchas Navidul sin gluten 50 g.,"2,36 €","20,00 €/kg",https://www.carrefour.es/supermercado/pate-de-higado-de-cerdo-tapa-negra-la-piara-pack-de-3-unidades-de-75-g-la-piara/R-530380951/p
El-Mercado,Queso cabra lonchas García Baquero 125 g.,"2,90 €","18,88 €/kg",https://www.carrefour.es/supermercado/pate-de-higado-de-cerdo-tapa-negra-la-piara-pack-de-3-unidades-de-75-g-la-piara/R-530380951/p
El-Mercado,Morcilla de cebolla sin aditivos Carrefour 400 g,"1,36 €","7,25 €/kg",https://www.carrefour.es/supermercado/salami-extra-loncheado-tello-bipack-2-envases-120-g-tello/R-prod72301/p
El-Mercado,"Salami extra en lonchas Carrefour pack de 2 unidades de 112,5 g.","6,99 €","6,04 €/kg",https://www.carrefour.es/supermercado/salami-extra-loncheado-tello-bipack-2-envases-120-g-tello/R-prod72301/p
El-Mercado,Filete de merluza sin piel congelado 850 g,"2,49 €","8,22 €/kg",https://www.carrefour.es/supermercado/promocion?promoId=promof2550027
El-Mercado,Ajo blanco extra de Chinchón 500 g,"3,96 €","4,98 €/kg",https://www.carrefour.es/supermercado/longaniza-blanca-de-cerdo-fresca-elpozo-650-g-elpozo/R-521032764/p
El-Mercado,Medio pollo certificado troceado Coren 800 g aprox,"2,10 €","4,95 €/kg",https://www.carrefour.es/supermercado/longaniza-blanca-de-cerdo-fresca-elpozo-650-g-elpozo/R-521032764/p
El-Mercado,Almejas del Pacífico Marnatura 450 g.,"2,99 €","4,67 €/kg",https://www.carrefour.es/supermercado/pan-tostado-clasico-carrefour-270-g/R-VC4AECOMM-446834/p
El-Mercado,Queso tierno light en lonchas El Ventero 200 g.,"1,85 €","14,95 €/kg",https://www.carrefour.es/supermercado/pan-tostado-clasico-carrefour-270-g/R-VC4AECOMM-446834/p
El-Mercado,Espinaca cortada Findus 400 g.,"5,45 €","4,62 €/kg",https://www.carrefour.es/supermercado/pate-a-las-finas-hierbas-carrefour-sin-gluten-y-sin-lactosa-160-g-carrefour/R-prod930066/p
El-Mercado,Dorada Círculo de Calidad 500 g aprox,"6,99 €","10,90 €/kg",https://www.carrefour.es/supermercado/pate-a-las-finas-hierbas-carrefour-sin-gluten-y-sin-lactosa-160-g-carrefour/R-prod930066/p
El-Mercado,Pata de pulpo cocido 250 g,"8,75 €","27,96 €/kg",https://www.carrefour.es/supermercado/jamon-curado-en-lonchas-navidul-sin-gluten-50-g-navidul/R-541301750/p
El-Mercado,Filete de salmón salvaje congelado 400 g.,"1,59 €","21,87 €/kg",https://www.carrefour.es/supermercado/jamon-curado-en-lonchas-navidul-sin-gluten-50-g-navidul/R-541301750/p
El-Mercado,Jamoncito de pollo ecológico Carrefour Bio 320 g,"3,49 €","10,90 €/kg",https://www.carrefour.es/supermercado/jamoncito-de-pollo-ecologico-carrefour-bio-320-g-carrefour-bio/R-fprod1310073/p
El-Mercado,Queso rallado parmigiano Galbani 60 g.,"1,95 €","32,50 €/kg",https://www.carrefour.es/supermercado/jamoncito-de-pollo-ecologico-carrefour-bio-320-g-carrefour-bio/R-fprod1310073/p
El-Mercado,"Pescadilla de pincho 1,5 kg aprox","2,99 €","7,90 €/kg",https://www.carrefour.es/supermercado/queso-rallado-parmigiano-galbani-60-g-galbani/R-521036256/p
El-Mercado,Pechuga de pavo Serrano sin gluten sin lactosa 300 g.,"1,25 €","9,97 €/kg",https://www.carrefour.es/supermercado/queso-rallado-parmigiano-galbani-60-g-galbani/R-521036256/p
El-Mercado,Queso rallado filatto especial pasta El Caserío 100 g.,"3,30 €","12,50 €/kg",https://www.carrefour.es/supermercado/pescadilla-de-pincho-1-5-kg-aprox/R-530807350/p
El-Mercado,Lomo de cebo ibérico en lonchas Carrefour sin gluten 100 g.,"1,90 €","33,00 €/kg",https://www.carrefour.es/supermercado/pescadilla-de-pincho-1-5-kg-aprox/R-530807350/p
El-Mercado,Pan de molde integral 800 g,"4,00 €","2,37 €/kg",https://www.carrefour.es/supermercado/pechuga-de-pavo-serrano-sin-gluten-sin-lactosa-300-g-serrano/R-prod870260/p
El-Mercado,Pechuga de pavo fileteada marinada al ajillo sin gluten y sin lactosa 800 g aprox,"2,50 €","10,00 €/kg",https://www.carrefour.es/supermercado/pechuga-de-pavo-serrano-sin-gluten-sin-lactosa-300-g-serrano/R-prod870260/p
El-Mercado,Pan de trigo sarraceno 1 ud,"3,00 €","2,50 €/ud",https://www.carrefour.es/supermercado/queso-rallado-filatto-especial-pasta-el-caserio-100-g/R-VC4AECOMM-420637/p
El-Mercado,Hogaza de pan grande ecológica Carrefour Bio 800 g aprox,"1,52 €","3,75 €/kg",https://www.carrefour.es/supermercado/queso-rallado-filatto-especial-pasta-el-caserio-100-g/R-VC4AECOMM-420637/p
El-Mercado,Queso en lonchas light Carrefour 300 g.,"1,69 €","5,07 €/kg",https://www.carrefour.es/supermercado/lomo-de-cebo-iberico-en-lonchas-carrefour-sin-gluten-100-g-carrefour/R-521031080/p
El-Mercado,Calabaza ecológica a granel 1 Kg aprox,"1,99 €","1,69 €/kg",https://www.carrefour.es/supermercado/lomo-de-cebo-iberico-en-lonchas-carrefour-sin-gluten-100-g-carrefour/R-521031080/p
El-Mercado,Ensalada gourmet 8 brotes Florette 100 g,"2,09 €","19,90 €/kg",https://www.carrefour.es/supermercado/pan-de-molde-integral-800-g/R-795756460/p
El-Mercado,Jamoncito de pavo al vacío Carrefour 350 g aprox,"1,60 €","3,49 €/kg",https://www.carrefour.es/supermercado/pan-de-molde-integral-800-g/R-795756460/p
El-Mercado,"Flautas de pavo, pollo y queso Mesana 280 g","3,74 €","5,71 €/kg",https://www.carrefour.es/supermercado/pechuga-de-pavo-fileteada-marinada-al-ajillo-sin-gluten-y-sin-lactosa-800-g-aprox/R-VC4AECOMM-497499/p
El-Mercado,Judías verdes planas Findus 1 kg.,"1,55 €","3,74 €/kg",https://www.carrefour.es/supermercado/pechuga-de-pavo-fileteada-marinada-al-ajillo-sin-gluten-y-sin-lactosa-800-g-aprox/R-VC4AECOMM-497499/p
El-Mercado,Pechuga de pollo en lonchas finas 200 g,"2,90 €","7,75 €/kg",https://www.carrefour.es/supermercado/pan-de-trigo-sarraceno-1-ud/R-663701813/p
El-Mercado,Filete de lenguado al vacío congelado Delfín 180 g.,"1,39 €","16,11 €/kg",https://www.carrefour.es/supermercado/pan-de-trigo-sarraceno-1-ud/R-663701813/p
El-Mercado,Sobaos mini Carrefour sin aceite de palma 700 g.,"0,60 €","1,99 €/kg",https://www.carrefour.es/supermercado/hogaza-de-pan-grande-ecologica-carrefour-bio-800-g-aprox-carrefour-bio/R-607403081/p
El-Mercado,Salchichas cocidas y ahumadas estilo Viena Carrefour 200 g.,"2,09 €","3,00 €/kg",https://www.carrefour.es/supermercado/hogaza-de-pan-grande-ecologica-carrefour-bio-800-g-aprox-carrefour-bio/R-607403081/p
El-Mercado,Pan de molde familiar Panrico 750 g.,"3,74 €","2,79 €/kg",https://www.carrefour.es/supermercado/queso-en-lonchas-light-carrefour-300-g-carrefour/R-521030626/p
El-Mercado,Espinacas en hojas Findus 1 kg.,"2,35 €","3,74 €/kg",https://www.carrefour.es/supermercado/queso-en-lonchas-light-carrefour-300-g-carrefour/R-521030626/p
El-Mercado,Gamba blanca cruda Carrefour 400 g.,"5,80 €","14,50 €/kg",https://www.carrefour.es/supermercado/gamba-blanca-cruda-carrefour-400-g-carrefour/R-577501577/p
El-Mercado,Queso provolone con orégano Auricchio Hispano Italiana 200 g,"3,30 €","16,50 €/kg",https://www.carrefour.es/supermercado/gamba-blanca-cruda-carrefour-400-g-carrefour/R-577501577/p
El-Mercado,Pan de Pasas Carrefour Selección 100 g.,"1,95 €","19,50 €/kg",https://www.carrefour.es/supermercado/queso-provolone-con-oregano-auricchio-hispano-italiana-200-g/R-522715181/p
El-Mercado,Hamburguesa de pollo y zanahoria Carrefour 240 g,"1,95 €","8,12 €/kg",https://www.carrefour.es/supermercado/queso-provolone-con-oregano-auricchio-hispano-italiana-200-g/R-522715181/p
El-Mercado,Jamon cocido en lonchas El Pozo sin gluten sin lactosa 110 g.,"1,00 €","9,09 €/kg",https://www.carrefour.es/supermercado/pan-de-pasas-carrefour-seleccion-100-g-carrefour-seleccion/R-521002588/p
El-Mercado,Masa de hojaldre con mantequilla fresca Casa Tarradellas 260 g.,"1,49 €","5,73 €/kg",https://www.carrefour.es/supermercado/pan-de-pasas-carrefour-seleccion-100-g-carrefour-seleccion/R-521002588/p
El-Mercado,Judías verdes troceadas Findus 1 kg.,"3,74 €","3,74 €/kg",https://www.carrefour.es/supermercado/hamburguesa-de-pollo-y-zanahoria-carrefour-240-g/R-VC4AECOMM-497344/p
El-Mercado,Masa para empanada Carrefour 280 g.,"1,63 €","5,82 €/kg",https://www.carrefour.es/supermercado/hamburguesa-de-pollo-y-zanahoria-carrefour-240-g/R-VC4AECOMM-497344/p
El-Mercado,Sopa Juliana Carrefour 400 g,"1,15 €","2,87 €/kg",https://www.carrefour.es/supermercado/jamon-cocido-en-lonchas-el-pozo-sin-gluten-sin-lactosa-110-g-elpozo/R-526510867/p
El-Mercado,Fuet casero con pavo ElPozo 150 g.,"1,89 €","12,60 €/kg",https://www.carrefour.es/supermercado/jamon-cocido-en-lonchas-el-pozo-sin-gluten-sin-lactosa-110-g-elpozo/R-526510867/p
El-Mercado,Rabanitos El Dulze 250 g,"0,99 €","3,96 €/kg",https://www.carrefour.es/supermercado/masa-de-hojaldre-con-mantequilla-fresca-casa-tarradellas-260-g-casa-tarradellas/R-865100510/p
El-Mercado,"Pomelo rojo malla 1,5 kg","2,49 €","1,66 €/kg",https://www.carrefour.es/supermercado/masa-de-hojaldre-con-mantequilla-fresca-casa-tarradellas-260-g-casa-tarradellas/R-865100510/p
El-Mercado,Crackers Carrefour 250 g.,"0,93 €","3,72 €/kg",https://www.carrefour.es/supermercado/judias-verdes-troceadas-findus-1-kg-findus/R-712515241/p
El-Mercado,Filetes de merluza sin piel ultracongelados Pescanova 800 g.,"7,95 €","9,94 €/kg",https://www.carrefour.es/supermercado/judias-verdes-troceadas-findus-1-kg-findus/R-712515241/p
El-Mercado,Acelgas en hoja Carrefour 400 g.,"0,68 €","1,70 €/kg",https://www.carrefour.es/supermercado/masa-para-empanada-carrefour-280-g-carrefour/R-832428387/p
El-Mercado,Masa fresca para pizza 5 cereales Casa Tarradellas 260 g.,"1,48 €","5,69 €/kg",https://www.carrefour.es/supermercado/masa-para-empanada-carrefour-280-g-carrefour/R-832428387/p
El-Mercado,Pechuga de pavo en finas lonchas El Pozo sin gluten 85 g.,"1,00 €","11,76 €/kg",https://www.carrefour.es/supermercado/sopa-juliana-carrefour-400-g-carrefour/R-692704306/p
El-Mercado,Hamburguesa de Vacuno Wagyu Finca Santa Rosalia (2x150g) 300 g,"6,90 €","6,90 €/ud",https://www.carrefour.es/supermercado/sopa-juliana-carrefour-400-g-carrefour/R-692704306/p
El-Mercado,Magdalenas cuadradas Casado 12 ud.,"0,66 €","1,89 €/kg",https://www.carrefour.es/supermercado/fuet-casero-con-pavo-elpozo-150-g-elpozo/R-804988071/p
El-Mercado,Jamón bodega en lonchas España e Hijos 180 g,"4,99 €","24,95 €/kg",https://www.carrefour.es/supermercado/fuet-casero-con-pavo-elpozo-150-g-elpozo/R-804988071/p
El-Mercado,Pechuga de pollo ecológica Carrefour Bio 400 g,"7,98 €","19,95 €/kg",https://www.carrefour.es/supermercado/HuchaPromocion?promoId=huchaDisc420035
El-Mercado,Grissini con aceite de oliva Carrefour 125 g.,"1,12 €","8,96 €/kg",https://www.carrefour.es/supermercado/rabanitos-el-dulze-250-g-carrefour/R-521032327/p
El-Mercado,Filete 1ªA de vacuno 300 g aprox,"1,59 €","7,90 €/kg",https://www.carrefour.es/supermercado/rabanitos-el-dulze-250-g-carrefour/R-521032327/p
El-Mercado,Bimi 200 g,"1,95 €","9,75 €/kg",https://www.carrefour.es/supermercado/bimi-200-g/R-841600622/p
El-Mercado,Escalope de pollo Mesana 300 g,"1,80 €","1,80 €/ud",https://www.carrefour.es/supermercado/bimi-200-g/R-841600622/p
El-Mercado,Judías verdes extra finas Carrefour 750 g.,"1,79 €","2,39 €/kg",https://www.carrefour.es/supermercado/escalope-de-pollo-mesana-300-g-mesana/R-677310453/p
El-Mercado,Salchichas cocidas de pollo 'Todo Ave' Oscar Mayer 200 g.,"1,00 €","5,00 €/kg",https://www.carrefour.es/supermercado/escalope-de-pollo-mesana-300-g-mesana/R-677310453/p
El-Mercado,Brócoli en floretes ecológico Carrefour Bio 600 g.,"2,09 €","3,48 €/kg",https://www.carrefour.es/supermercado/judias-verdes-extra-finas-carrefour-750-g-carrefour/R-fprod1220036/p
El-Mercado,Ensalada gourmet Florette 180 g,"2,95 €","16,39 €/kg",https://www.carrefour.es/supermercado/judias-verdes-extra-finas-carrefour-750-g-carrefour/R-fprod1220036/p
El-Mercado,Chorizo tradición loncheado Revilla envase 100 g aprox,"1,00 €","14,29 €/kg",https://www.carrefour.es/supermercado/salchichas-cocidas-de-pollo-todo-ave-oscar-mayer-200-g-oscar-mayer/R-521031127/p
El-Mercado,Arándanos Carrefour 500 g,"6,50 €","13,00 €/kg",https://www.carrefour.es/supermercado/salchichas-cocidas-de-pollo-todo-ave-oscar-mayer-200-g-oscar-mayer/R-521031127/p
El-Mercado,Solomillo de cerdo al romero Extratiernos ElPozo 500 g,"4,67 €","9,35 €/kg",https://www.carrefour.es/supermercado/brocoli-en-floretes-ecologico-carrefour-bio-600-g/R-VC4AECOMM-511245/p
El-Mercado,"Rodaballo Círculo de calidad 1,5 kg aprox","16,35 €","10,90 €/kg",https://www.carrefour.es/supermercado/brocoli-en-floretes-ecologico-carrefour-bio-600-g/R-VC4AECOMM-511245/p
El-Mercado,Ensalada gourmet Florette 175 g,"1,99 €","11,37 €/kg",https://www.carrefour.es/supermercado/ensalada-gourmet-florette-180-g-florette/R-prod390784/p
El-Mercado,Croissant clásico Carrefour 4 ud,"2,99 €","0,75 €/ud",https://www.carrefour.es/supermercado/ensalada-gourmet-florette-180-g-florette/R-prod390784/p
El-Mercado,Berlina Fondant Donuts 204 g.,"1,99 €","9,75 €/kg",https://www.carrefour.es/supermercado/promocion?promoId=promof2550020
El-Mercado,Jamón cocido extra en lonchas edición 1954 El Pozo sin lactosa 120 g.,"1,50 €","12,50 €/kg",https://www.carrefour.es/supermercado/chorizo-tradicion-loncheado-revilla-envase-100-g-aprox-revilla/R-615201724/p
El-Mercado,Salmón ahumado ecológico Carrefour Bio 80 g.,"2,79 €","34,87 €/kg",https://www.carrefour.es/supermercado/chorizo-tradicion-loncheado-revilla-envase-100-g-aprox-revilla/R-615201724/p
El-Mercado,Pasta de pizza Buitoni 260 g.,"2,10 €","8,08 €/kg",https://www.carrefour.es/supermercado/arandanos-carrefour-500-g/R-VC4AECOMM-572288/p
El-Mercado,Masa maxi pizza Carrefour 385 g.,"1,99 €","5,17 €/kg",https://www.carrefour.es/supermercado/arandanos-carrefour-500-g/R-VC4AECOMM-572288/p
El-Mercado,Lomo de cerdo al ajillo fileteado Carrefour 650 g aprox,"2,50 €","6,50 €/kg",https://www.carrefour.es/supermercado/solomillo-de-cerdo-al-romero-extratiernos-elpozo-500-g-elpozo/R-842010733/p
El-Mercado,Hamburguesa de cerdo Carrefour 6x90 g,"2,79 €","0,42 €/ud",https://www.carrefour.es/supermercado/solomillo-de-cerdo-al-romero-extratiernos-elpozo-500-g-elpozo/R-842010733/p
El-Mercado,Pan del molde Schär sin gluten 300 g.,"5,40 €","9,30 €/kg",https://www.carrefour.es/supermercado/promocion?promoId=promof2550034
El-Mercado,Chipirón troceado Carrefour 450 g.,"1,50 €","12,00 €/kg",https://www.carrefour.es/supermercado/rodaballo-circulo-de-calidad-1-5-kg-aprox-calidad-y-origen-carrefour/R-628108409/p
El-Mercado,Ensalada mezclum Carrefour 200 g,"2,15 €","7,50 €/kg",https://www.carrefour.es/supermercado/rodaballo-circulo-de-calidad-1-5-kg-aprox-calidad-y-origen-carrefour/R-628108409/p
El-Mercado,Queso en porciones light La Vaca que ríe 250 g.,"2,20 €","8,60 €/kg",https://www.carrefour.es/supermercado/ensalada-gourmet-florette-175-g-florette/R-521032355/p
El-Mercado,Uva bicolor Carrefour Bandeja de 500 g,"2,49 €","4,98 €/kg",https://www.carrefour.es/supermercado/uva-bicolor-carrefour-bandeja-de-500-g/R-fprod1460461/p
El-Mercado,Tortilla de patata sin cebolla 600 g,"3,00 €","3,00 €/ud",https://www.carrefour.es/supermercado/uva-bicolor-carrefour-bandeja-de-500-g/R-fprod1460461/p
El-Mercado,Dots 52 gr,"0,29 €","5,58 €/kg",https://www.carrefour.es/supermercado/tortilla-de-patata-sin-cebolla-600-g-palacios/R-542002163/p
El-Mercado,Butifarra fresca extra de cerdo enrollada Carrefour 700 g,"3,39 €","4,84 €/kg",https://www.carrefour.es/supermercado/tortilla-de-patata-sin-cebolla-600-g-palacios/R-542002163/p
El-Mercado,Maiz dulce cocido Huercasa 500 g,"1,32 €","2,64 €/kg",https://www.carrefour.es/supermercado/HuchaPromocion?promoId=huchaDisc440022
El-Mercado,Pan pita Carrefour 400 g.,"1,29 €","3,22 €/kg",https://www.carrefour.es/supermercado/dots-52-gr/R-prod60776/p
El-Mercado,Pechuga de pavo braseada artesana Campofrío al corte 150 g aprox,"2,95 €","8,95 €/kg",https://www.carrefour.es/supermercado/dots-52-gr/R-prod60776/p
El-Mercado,Pan de molde integral sin corteza ecológico Pan Piuma 400 g.,"2,95 €","7,37 €/kg",https://www.carrefour.es/supermercado/butifarra-fresca-extra-de-cerdo-enrollada-carrefour-700-g/R-VC4AECOMM-550788/p
El-Mercado,Pan de cereales Schär sin gluten 300 g.,"3,98 €","9,83 €/kg",https://www.carrefour.es/supermercado/butifarra-fresca-extra-de-cerdo-enrollada-carrefour-700-g/R-VC4AECOMM-550788/p
El-Mercado,Espárrago verde manojo de 400 g,"1,07 €","7,96 €/kg",https://www.carrefour.es/supermercado/maiz-dulce-cocido-huercasa-500-g-huercasa/R-521032400/p
El-Mercado,Queso Cottage natural 0% M.G. Margui 200 g.,"1,64 €","5,35 €/kg",https://www.carrefour.es/supermercado/maiz-dulce-cocido-huercasa-500-g-huercasa/R-521032400/p
El-Mercado,Berlinas bombón Donuts 8 ud.,"1,89 €","7,39 €/kg",https://www.carrefour.es/supermercado/pan-pita-carrefour-400-g-carrefour/R-625404537/p
El-Mercado,Ajo Carrefour 100 g.,"2,30 €","16,40 €/kg",https://www.carrefour.es/supermercado/pan-pita-carrefour-400-g-carrefour/R-625404537/p
El-Mercado,Pechuga de pollo al natural en tiras Carrefour sin gluten 140 g.,"3,00 €","13,50 €/kg",https://www.carrefour.es/supermercado/pechuga-de-pavo-braseada-artesana-campofrio-al-corte-150-g-aprox-campofrio/R-prod800252/p
El-Mercado,Pechuga de pavo asada loncheada Los Artesanos ElPozo envase 170 g,"5,95 €","13,53 €/kg",https://www.carrefour.es/supermercado/pechuga-de-pavo-braseada-artesana-campofrio-al-corte-150-g-aprox-campofrio/R-prod800252/p
El-Mercado,Lasaña boloñesa 380 g,"1,17 €","8,57 €/kg",https://www.carrefour.es/supermercado/pan-de-molde-integral-sin-corteza-ecologico-pan-piuma-400-g-pan-piuma/R-prod971670/p
El-Mercado,Barritas de surimi 533 g,"0,91 €","11,16 €/kg",https://www.carrefour.es/supermercado/pan-de-molde-integral-sin-corteza-ecologico-pan-piuma-400-g-pan-piuma/R-prod971670/p
El-Mercado,Entrecot de añojo Calidad y Origen Carrefour 300 g aprox,"2,30 €","11,90 €/kg",https://www.carrefour.es/supermercado/pan-de-cereales-schar-sin-gluten-300-g-schar/R-774706781/p
El-Mercado,Picatostes sabor natural Recondo 75 g.,"1,19 €","14,62 €/kg",https://www.carrefour.es/supermercado/pan-de-cereales-schar-sin-gluten-300-g-schar/R-774706781/p
El-Mercado,Queso mozzarella Margui 125 g.,"2,00 €","7,28 €/kg",https://www.carrefour.es/supermercado/HuchaPromocion?promoId=huchaDisc440014
El-Mercado,Jamón de pavo cocido trufado c/boletus Los Artesanos ElPozo 170 g,"1,49 €","13,53 €/kg",https://www.carrefour.es/supermercado/esparrago-verde-manojo-de-400-g/R-521031707/p
El-Mercado,"Pollo limpio entero ecológico Carrefour Bio 1,6 Kg aprox","14,80 €","9,25 €/kg",https://www.carrefour.es/supermercado/pollo-limpio-entero-ecologico-carrefour-bio-1-6-kg-aprox-carrefour-bio/R-fprod1310077/p
El-Mercado,Salchichas cocidas y ahumadas de pavo Carrefour 200 g.,"0,60 €","2,73 €/kg",https://www.carrefour.es/supermercado/pollo-limpio-entero-ecologico-carrefour-bio-1-6-kg-aprox-carrefour-bio/R-fprod1310077/p
El-Mercado,Queso curado mezcla ya cortado Gran Capitán cuña de 210 g,"4,30 €","20,48 €/kg",https://www.carrefour.es/supermercado/salchichas-cocidas-y-ahumadas-de-pavo-carrefour-200-g-carrefour/R-521031143/p
El-Mercado,Melón piel de sapo Carrefour 4 kg aprox,"9,16 €","2,29 €/kg",https://www.carrefour.es/supermercado/salchichas-cocidas-y-ahumadas-de-pavo-carrefour-200-g-carrefour/R-521031143/p
El-Mercado,Salchichas Jumbo de pavo Oscar Mayer 350 g.,"2,10 €","6,00 €/kg",https://www.carrefour.es/supermercado/queso-curado-mezcla-ya-cortado-gran-capitan-cuna-de-210-g-gran-capitan/R-783928800/p
El-Mercado,Bizcochitos ositos lulu choco Fontaneda 300 g.,"2,41 €","8,03 €/kg",https://www.carrefour.es/supermercado/queso-curado-mezcla-ya-cortado-gran-capitan-cuna-de-210-g-gran-capitan/R-783928800/p
El-Mercado,"Chorizo pamplona Tello bipack loncheado (2x112,5g) 225 g","1,50 €","6,67 €/kg",https://www.carrefour.es/supermercado/melon-piel-de-sapo-carrefour-4-kg-aprox-carrefour/R-prod231537/p
El-Mercado,Queso mozzarella 20 Mini Galbani 150 g.,"2,15 €","14,33 €/kg",https://www.carrefour.es/supermercado/melon-piel-de-sapo-carrefour-4-kg-aprox-carrefour/R-prod231537/p
El-Mercado,Mortadela ibérica en lonchas El Pozo 150 g.,"1,68 €","11,20 €/kg",https://www.carrefour.es/supermercado/salchichas-jumbo-de-pavo-oscar-mayer-350-g-oscar-mayer/R-521031153/p
El-Mercado,Queso barra havarti 60% lonchas Juan Luna al corte 200 g aprox,"2,64 €","13,20 €/kg",https://www.carrefour.es/supermercado/salchichas-jumbo-de-pavo-oscar-mayer-350-g-oscar-mayer/R-521031153/p
El-Mercado,Ensalada vital Carrefour 150 g,"1,00 €","6,67 €/kg",https://www.carrefour.es/supermercado/promocion?promoId=promof2530089
El-Mercado,Maíz dulce en grano Carrefour 400 g.,"0,77 €","1,92 €/kg",https://www.carrefour.es/supermercado/bizcochitos-ositos-lulu-choco-fontaneda-300-g-fontaneda/R-613004422/p
El-Mercado,Pan de molde rústico 600 g,"1,90 €","3,17 €/kg",https://www.carrefour.es/supermercado/bizcochitos-ositos-lulu-choco-fontaneda-300-g-fontaneda/R-613004422/p
El-Mercado,Paté de hígado de cerdo Tapa Negra La Piara pack de 6 unidades de 75 g.,"4,80 €","10,67 €/kg",https://www.carrefour.es/supermercado/chorizo-pamplona-tello-bipack-loncheado-2x112-5g-225-g-tello/R-prod70200/p
El-Mercado,Fuetec calidad extra El Pozo 170 g.,"2,05 €","12,06 €/kg",https://www.carrefour.es/supermercado/chorizo-pamplona-tello-bipack-loncheado-2x112-5g-225-g-tello/R-prod70200/p
El-Mercado,Queso fundido para hamburguesa Carrefour 300 g.,"1,44 €","4,80 €/kg",https://www.carrefour.es/supermercado/promocion?promoId=promof2550027
El-Mercado,Codillo jamón curado precortado ElPozo 500 g,"2,25 €","2,25 €/ud",https://www.carrefour.es/supermercado/queso-mozzarella-20-mini-galbani-150-g-galbani/R-526500946/p
El-Mercado,Pasta de hojaldre Buitoni 230 g.,"2,09 €","9,09 €/kg",https://www.carrefour.es/supermercado/queso-mozzarella-20-mini-galbani-150-g-galbani/R-526500946/p
El-Mercado,Pechuga de pavo El Pozo 180 g.,"2,20 €","12,22 €/kg",https://www.carrefour.es/supermercado/mortadela-iberica-en-lonchas-el-pozo-150-g-elpozo/R-prod1160089/p
El-Mercado,Pan de molletes enriquecido con salvado El Antequerano envase 4 ud,"1,00 €","1,00 €/ud",https://www.carrefour.es/supermercado/mortadela-iberica-en-lonchas-el-pozo-150-g-elpozo/R-prod1160089/p
El-Mercado,Tomate pera rama Carrefour 500 g,"1,99 €","3,98 €/kg",https://www.carrefour.es/supermercado/queso-barra-havarti-60-lonchas-juan-luna-al-corte-200-g-aprox-abrilisto/R-698102545/p
El-Mercado,Plátano de freir a granel 1 Kg aprox,"1,95 €","1,95 €/kg",https://www.carrefour.es/supermercado/queso-barra-havarti-60-lonchas-juan-luna-al-corte-200-g-aprox-abrilisto/R-698102545/p
El-Mercado,Salchichas alemanas Frankfurt Picken 340 g.,"2,80 €","8,24 €/kg",https://www.carrefour.es/supermercado/ensalada-vital-carrefour-150-g-carrefour/R-521032364/p
El-Mercado,Alcachofas baby Carrefour 300 g.,"2,65 €","8,83 €/kg",https://www.carrefour.es/supermercado/ensalada-vital-carrefour-150-g-carrefour/R-521032364/p
El-Mercado,San Jacobo de Jamón cocido extra y queso 400 g,"1,64 €","4,10 €/kg",https://www.carrefour.es/supermercado/san-jacobo-de-jamon-cocido-extra-y-queso-400-g-mesana/R-677310435/p
El-Mercado,Magdalenas caseras 420 g,"2,99 €","7,12 €/kg",https://www.carrefour.es/supermercado/san-jacobo-de-jamon-cocido-extra-y-queso-400-g-mesana/R-677310435/p
El-Mercado,Serenitos con aceite de oliva selección gourmet 130 g,"1,89 €","1,89 €/kg",https://www.carrefour.es/supermercado/magdalenas-caseras-420-g/R-526010673/p
El-Mercado,Queso fresco de cabra Burgo de Arias pack de 3 unidades de 70 g.,"2,95 €","14,05 €/kg",https://www.carrefour.es/supermercado/magdalenas-caseras-420-g/R-526010673/p
El-Mercado,Sobrasada El Pozo 250 g.,"1,46 €","5,84 €/kg",https://www.carrefour.es/supermercado/serenitos-con-aceite-de-oliva-seleccion-gourmet-130-g/R-791562805/p
El-Mercado,Queso fresco original Burgo de Arias pack de 2 unidades de 230 g.,"1,39 €","7,93 €/kg",https://www.carrefour.es/supermercado/serenitos-con-aceite-de-oliva-seleccion-gourmet-130-g/R-791562805/p
El-Mercado,Cilantro manojo de 100 g,"3,49 €","13,90 €/kg",https://www.carrefour.es/supermercado/queso-fresco-de-cabra-burgo-de-arias-pack-de-3-unidades-de-70-g-burgo-de-arias/R-prod680097/p
El-Mercado,Mini enrrollados de queso Babybel pack de 5 unidades de 17 g.,"7,70 €","24,59 €/kg",https://www.carrefour.es/supermercado/queso-fresco-de-cabra-burgo-de-arias-pack-de-3-unidades-de-70-g-burgo-de-arias/R-prod680097/p
El-Mercado,Croquetas caseras de jamón ibérico 295 g,"2,45 €","3,49 €/ud",https://www.carrefour.es/supermercado/sobrasada-el-pozo-250-g-elpozo/R-526510863/p
El-Mercado,Supremas de salmón sin piel congelado Findus 200 g.,"1,75 €","38,50 €/kg",https://www.carrefour.es/supermercado/sobrasada-el-pozo-250-g-elpozo/R-526510863/p
El-Mercado,Queso fresco batido desnatado 0% Carrefour pack de 8 unidades de 100 g.,"2,40 €","3,06 €/kg",https://www.carrefour.es/supermercado/queso-fresco-original-burgo-de-arias-pack-de-2-unidades-de-230-g-burgo-de-arias/R-prod70591/p
El-Mercado,Boquerón en vinagre 60 g,"2,57 €","29,17 €/kg",https://www.carrefour.es/supermercado/queso-fresco-original-burgo-de-arias-pack-de-2-unidades-de-230-g-burgo-de-arias/R-prod70591/p
El-Mercado,Queso mini Babybel pack de 6 unidades de 20 g.,"2,00 €","20,00 €/kg",https://www.carrefour.es/supermercado/promocion?promoId=promof2530101
El-Mercado,Tiras de bacon Oscar Mayer sin gluten 130 g.,"1,84 €","15,38 €/kg",https://www.carrefour.es/supermercado/cilantro-manojo-de-100-g/R-804523465/p
El-Mercado,Queso lonchas García Baquero sin lactosa 150 g.,"1,65 €","17,13 €/kg",https://www.carrefour.es/supermercado/cilantro-manojo-de-100-g/R-804523465/p
El-Mercado,Picos camperos Dillepasa bolsa 500 g,"4,10 €","4,00 €/kg",https://www.carrefour.es/supermercado/mini-enrrollados-de-queso-babybel-pack-de-5-unidades-de-17-g-babybel/R-prod720449/p
El-Mercado,Queso fresco Vega e Hijos 250 g.,"2,30 €","7,36 €/kg",https://www.carrefour.es/supermercado/mini-enrrollados-de-queso-babybel-pack-de-5-unidades-de-17-g-babybel/R-prod720449/p
El-Mercado,Ensalada antioxidante Florette 100 g,"2,19 €","16,50 €/kg",https://www.carrefour.es/supermercado/promocion?promoId=promof2530078
El-Mercado,Solomillo de atún congelado Campos 250 g.,"5,15 €","16,40 €/kg",https://www.carrefour.es/supermercado/croquetas-caseras-de-jamon-iberico-295-g-carrefour/R-prod310245/p
El-Mercado,Pechuga de pollo asada loncheada Los Artesanos ElPozo envase 170 g,"2,49 €","13,53 €/kg",https://www.carrefour.es/supermercado/croquetas-caseras-de-jamon-iberico-295-g-carrefour/R-prod310245/p
El-Mercado,"Pan hogaza quinoa, chía y espelta The Rustik Bakery 450 g.","3,05 €","4,87 €/kg",https://www.carrefour.es/supermercado/supremas-de-salmon-sin-piel-congelado-findus-200-g/R-VC4AECOMM-492764/p
El-Mercado,Queso tierno en barra El Ventero al corte 150 g aprox,"1,81 €","12,10 €/kg",https://www.carrefour.es/supermercado/queso-tierno-en-barra-el-ventero-al-corte-150-g-aprox-el-ventero/R-609800552/p
El-Mercado,Bizcochos con naranja con una fina capa de chocolate Carrefour 300 g.,"0,99 €","3,30 €/kg",https://www.carrefour.es/supermercado/queso-tierno-en-barra-el-ventero-al-corte-150-g-aprox-el-ventero/R-609800552/p
El-Mercado,Queso en lonchas Havarti 300 g.,"3,65 €","12,17 €/kg",https://www.carrefour.es/supermercado/bizcochos-con-naranja-con-una-fina-capa-de-chocolate-carrefour-300-g-carrefour/R-521002876/p
El-Mercado,Varitas de merluza empanadas congeladas 400 g,"2,25 €","5,62 €/kg",https://www.carrefour.es/supermercado/bizcochos-con-naranja-con-una-fina-capa-de-chocolate-carrefour-300-g-carrefour/R-521002876/p
El-Mercado,Salchichas con doble de leche Campofrío 140 g.,"0,79 €","5,64 €/kg",https://www.carrefour.es/supermercado/queso-en-lonchas-havarti-300-g-arla/R-prod1130692/p
El-Mercado,Jamón serrano Delizias Noel al corte 100 g,"2,79 €","27,90 €/kg",https://www.carrefour.es/supermercado/queso-en-lonchas-havarti-300-g-arla/R-prod1130692/p
El-Mercado,Paté finas hierbas + pimienta Casa Tarradellas pack de 2 unidades de 125 g.,"1,73 €","6,92 €/kg",https://www.carrefour.es/supermercado/varitas-de-merluza-empanadas-congeladas-400-g/R-fprod1450155/p
El-Mercado,Brotes de espinacas ecológicas Vitacress 150 g,"2,19 €","14,60 €/kg",https://www.carrefour.es/supermercado/varitas-de-merluza-empanadas-congeladas-400-g/R-fprod1450155/p
El-Mercado,Jamón cocido lonchas bajo grasa y sal Embutidos Noel 180 g,"2,10 €","12,35 €/kg",https://www.carrefour.es/supermercado/salchichas-con-doble-de-leche-campofrio-140-g-campofrio/R-prod381304/p
El-Mercado,"Pan con cereales y semillas de sésamo, lino y girasol Carrefour 450 g.","1,44 €","3,20 €/kg",https://www.carrefour.es/supermercado/salchichas-con-doble-de-leche-campofrio-140-g-campofrio/R-prod381304/p
El-Mercado,Pera conferencia D.O. Rincón de Soto 1 Kg aprox,"2,49 €","2,49 €/kg",https://www.carrefour.es/supermercado/jamon-serrano-delizias-noel-al-corte-100-g-noel/R-626301780/p
El-Mercado,Chistorra de Navarra Floristán 200 g.,"1,79 €","8,95 €/kg",https://www.carrefour.es/supermercado/jamon-serrano-delizias-noel-al-corte-100-g-noel/R-626301780/p
El-Mercado,Patatas fritas clásicas Carrefour 600 g.,"0,67 €","1,12 €/kg",https://www.carrefour.es/supermercado/promocion?promoId=promof2550024
El-Mercado,Pera blanquilla premium 4 uds 500 g aprox,"1,75 €","3,50 €/kg",https://www.carrefour.es/supermercado/pate-finas-hierbas-pimienta-casa-tarradellas-pack-de-2-unidades-de-125-g-casa-tarradellas/R-prod351138/p
El-Mercado,Magdalenas La Bella Easo 290 g.,"1,36 €","4,66 €/kg",https://www.carrefour.es/supermercado/pate-finas-hierbas-pimienta-casa-tarradellas-pack-de-2-unidades-de-125-g-casa-tarradellas/R-prod351138/p
El-Mercado,Queso desnatado blanco pasterizado Carrefour pack de 2 unidades de 250 g.,"1,55 €","3,10 €/kg",https://www.carrefour.es/supermercado/brotes-de-espinacas-ecologicas-vitacress-150-g-vitacress/R-853005734/p
El-Mercado,Lacón en tapas cortadas a cuchillo MRM 170 g,"3,25 €","19,12 €/kg",https://www.carrefour.es/supermercado/brotes-de-espinacas-ecologicas-vitacress-150-g-vitacress/R-853005734/p
El-Mercado,Pimiento ecológico Carrefour Bio 2 uds 300 g,"2,45 €","8,17 €/kg",https://www.carrefour.es/supermercado/jamon-cocido-lonchas-bajo-grasa-y-sal-embutidos-noel-180-g-noel/R-prod63634/p
El-Mercado,Manzana kanzi a granel 1 kg aprox,"2,95 €","2,95 €/kg",https://www.carrefour.es/supermercado/jamon-cocido-lonchas-bajo-grasa-y-sal-embutidos-noel-180-g-noel/R-prod63634/p
El-Mercado,Queso comté D.O.P. 5 meses curación Carrefour cuña 250 g,"4,10 €","16,40 €/kg",https://www.carrefour.es/supermercado/pan-con-cereales-y-semillas-de-sesamo-lino-y-girasol-carrefour-450-g-carrefour/R-prod550024/p
El-Mercado,Salmón ahumado escocés,"4,20 €","46,67 €/kg",https://www.carrefour.es/supermercado/pan-con-cereales-y-semillas-de-sesamo-lino-y-girasol-carrefour-450-g-carrefour/R-prod550024/p
El-Mercado,Gambón nº1 congelado Carrefour 1 kg aprox,"9,95 €","9,95 €/kg",https://www.carrefour.es/supermercado/pera-conferencia-do-rincon-de-soto-1-kg-aprox-carrefour/R-616401870/p
El-Mercado,Cabeza de jabalí en lonchas sin gluten y sin lactosa 120 g,"1,70 €","14,17 €/kg",https://www.carrefour.es/supermercado/pera-conferencia-do-rincon-de-soto-1-kg-aprox-carrefour/R-616401870/p
El-Mercado,Paleta curada en lonchas Carrefour sin lactosa 200 g.,"3,25 €","16,25 €/kg",https://www.carrefour.es/supermercado/chistorra-de-navarra-floristan-200-g-floristan/R-521030908/p
El-Mercado,Picos reventados Carrefour 250 g.,"0,64 €","2,56 €/kg",https://www.carrefour.es/supermercado/picos-reventados-carrefour-250-g-carrefour/R-prod970954/p
El-Mercado,Chorizo sarta curado picante Carrefour 280 g,"2,10 €","7,50 €/kg",https://www.carrefour.es/supermercado/picos-reventados-carrefour-250-g-carrefour/R-prod970954/p
El-Mercado,Jamón curado en lonchas El Pozo Selección sin gluten sin lactosa 180 g.,"3,29 €","18,28 €/kg",https://www.carrefour.es/supermercado/chorizo-sarta-curado-picante-carrefour-280-g-carrefour/R-fprod1260353/p
El-Mercado,Surtidos de fresas y frutos rojos de España 1 Kg,"7,95 €","10,60 €/kg",https://www.carrefour.es/supermercado/chorizo-sarta-curado-picante-carrefour-280-g-carrefour/R-fprod1260353/p
El-Mercado,Pan rallado crujiente para rebozar Gallo sin lactosa 500 g.,"1,25 €","2,50 €/kg",https://www.carrefour.es/supermercado/jamon-curado-en-lonchas-el-pozo-seleccion-sin-gluten-sin-lactosa-180-g/R-VC4AECOMM-466203/p
El-Mercado,Bizcocho casero 500 g,"3,00 €","6,00 €/kg",https://www.carrefour.es/supermercado/jamon-curado-en-lonchas-el-pozo-seleccion-sin-gluten-sin-lactosa-180-g/R-VC4AECOMM-466203/p
El-Mercado,Queso fundido en lonchas El Caserío 300 g.,"1,83 €","6,10 €/kg",https://www.carrefour.es/supermercado/promocion?promoId=promof2530057
El-Mercado,Magdalenas glorias Dulcesol 12 ud.,"1,11 €","2,92 €/kg",https://www.carrefour.es/supermercado/surtidos-de-fresas-y-frutos-rojos-de-espana-1-kg-carrefour/R-prod460109/p
El-Mercado,Pepino de Almería granel 1 Kg,"1,60 €","1,60 €/kg",https://www.carrefour.es/supermercado/surtidos-de-fresas-y-frutos-rojos-de-espana-1-kg-carrefour/R-prod460109/p
El-Mercado,Jamón cocido en finas lonchas El Pozo Bienstar 85 g.,"1,85 €","11,53 €/kg",https://www.carrefour.es/supermercado/pan-rallado-crujiente-para-rebozar-gallo-sin-lactosa-500-g-gallo/R-781837999/p
El-Mercado,Guacamole picante Carrefour 200 g,"0,79 €","9,25 €/kg",https://www.carrefour.es/supermercado/pan-rallado-crujiente-para-rebozar-gallo-sin-lactosa-500-g-gallo/R-781837999/p
El-Mercado,Panecillos normales Carrefour 400 g.,"2,02 €","1,97 €/kg",https://www.carrefour.es/supermercado/bizcocho-casero-500-g/R-526010671/p
El-Mercado,Queso de vaca tierno gouda de Holanda Carrefour 350 g aprox,"1,45 €","5,78 €/kg",https://www.carrefour.es/supermercado/bizcocho-casero-500-g/R-526010671/p
El-Mercado,Pan de antaño Carrefour 1 ud,"5,80 €","3,62 €/kg",https://www.carrefour.es/supermercado/HuchaPromocion?promoId=huchaDisc440015
El-Mercado,Queso de oveja curado con trufa Carrefour Selección cuña 200 g,"2,19 €","29,00 €/kg",https://www.carrefour.es/supermercado/queso-fundido-en-lonchas-el-caserio-300-g-el-caserio/R-521030612/p
El-Mercado,Pan de cereales y semillas The Rustik Bakery 400 g.,"4,30 €","5,47 €/kg",https://www.carrefour.es/supermercado/queso-fundido-en-lonchas-el-caserio-300-g-el-caserio/R-521030612/p
El-Mercado,Hamburguesa de pollo ecológica Carrefour Bio 2x115 g,"3,99 €","18,70 €/kg",https://www.carrefour.es/supermercado/magdalenas-glorias-dulcesol-12-ud-dulcesol/R-prod68347/p
El-Mercado,Patata trumferoles Potatum 3 Kg,"2,09 €","1,33 €/kg",https://www.carrefour.es/supermercado/magdalenas-glorias-dulcesol-12-ud-dulcesol/R-prod68347/p
El-Mercado,Queso rallado mozzarella Toscanella sin lactosa 150 g.,"2,20 €","13,93 €/kg",https://www.carrefour.es/supermercado/pepino-de-almeria-granel-1-kg/R-628401719/p
El-Mercado,Jamón cocido extra lonchas enteras Argal Bonnatur sin gluten sin lactosa 140 g.,"8,95 €","15,71 €/kg",https://www.carrefour.es/supermercado/pepino-de-almeria-granel-1-kg/R-628401719/p
El-Mercado,Langostino cocido congelado (30/40 ud) Pescatrade 1 kg aprox,"1,79 €","8,95 €/kg",https://www.carrefour.es/supermercado/jamon-cocido-en-finas-lonchas-el-pozo-bienstar-85-g-elpozo-bienstar/R-711410918/p
El-Mercado,Fuet Nobleza El Pozo 200 g.,"0,75 €","8,80 €/kg",https://www.carrefour.es/supermercado/jamon-cocido-en-finas-lonchas-el-pozo-bienstar-85-g-elpozo-bienstar/R-711410918/p
El-Mercado,Paté a la pimienta Carrefour sin gluten y sin lactosa 160 g.,"0,90 €","5,62 €/kg",https://www.carrefour.es/supermercado/pate-a-la-pimienta-carrefour-sin-gluten-y-sin-lactosa-160-g-carrefour/R-prod930006/p
El-Mercado,Bizcochos con frambuesa con una fina capa de chocolate Carrefour 300 g.,"0,99 €","3,30 €/kg",https://www.carrefour.es/supermercado/pate-a-la-pimienta-carrefour-sin-gluten-y-sin-lactosa-160-g-carrefour/R-prod930006/p
El-Mercado,Jamón de cebo ibérico 50% raza ibérica 100 g,"4,90 €","49,00 €/kg",https://www.carrefour.es/supermercado/bizcochos-con-frambuesa-con-una-fina-capa-de-chocolate-carrefour-300-g-carrefour/R-521002878/p
El-Mercado,Cebolla francesa Carrefour 500 g,"1,85 €","3,70 €/kg",https://www.carrefour.es/supermercado/bizcochos-con-frambuesa-con-una-fina-capa-de-chocolate-carrefour-300-g-carrefour/R-521002878/p
El-Mercado,Magdalenas cuadrada Bimbo Martínez 24 ud.,"2,55 €","3,64 €/kg",https://www.carrefour.es/supermercado/jamon-de-cebo-iberico-50-raza-iberica-100-g/R-VC4AECOMM-568357/p
El-Mercado,Quesi semicurado mezcla García Baquero 200 g.,"3,10 €","15,50 €/kg",https://www.carrefour.es/supermercado/jamon-de-cebo-iberico-50-raza-iberica-100-g/R-VC4AECOMM-568357/p
El-Mercado,Jamón de pavo Carrefour sin gluten 400 g.,"1,76 €","4,40 €/kg",https://www.carrefour.es/supermercado/promocion?promoId=promof2550031
El-Mercado,Gallo ración 500 g aprox,"5,95 €","11,90 €/kg",https://www.carrefour.es/supermercado/cebolla-francesa-carrefour-500-g-carrefour/R-521031807/p
El-Mercado,Jamón curado en taquitos Navidul pack de 2 unidades de 60 g.,"2,10 €","17,50 €/kg",https://www.carrefour.es/supermercado/cebolla-francesa-carrefour-500-g-carrefour/R-521031807/p
El-Mercado,Paté de atún Casa Tarradellas 125 g.,"1,02 €","8,16 €/kg",https://www.carrefour.es/supermercado/magdalenas-cuadrada-bimbo-martinez-24-ud-bimbo-martinez/R-521007224/p
El-Mercado,Queso rallado gouda Miraflores sin lactosa 150 g.,"2,09 €","13,93 €/kg",https://www.carrefour.es/supermercado/magdalenas-cuadrada-bimbo-martinez-24-ud-bimbo-martinez/R-521007224/p
El-Mercado,Pan de molde con semillas de amapola rebanado 450 g,"0,99 €","2,20 €/kg",https://www.carrefour.es/supermercado/quesi-semicurado-mezcla-garcia-baquero-200-g-garcia-baquero/R-521030527/p
El-Mercado,Pechuga de pavo adobada ElPozo 330 gr,"2,55 €","7,73 €/kg",https://www.carrefour.es/supermercado/quesi-semicurado-mezcla-garcia-baquero-200-g-garcia-baquero/R-521030527/p
El-Mercado,Preparado de fabada El Chico 250 g.,"3,00 €","12,00 €/kg",https://www.carrefour.es/supermercado/jamon-de-pavo-carrefour-sin-gluten-400-g-carrefour/R-prod80803/p
El-Mercado,Mortadela con aceitunas en lonchas Carrefour sin gluten 250 g.,"0,93 €","3,72 €/kg",https://www.carrefour.es/supermercado/jamon-de-pavo-carrefour-sin-gluten-400-g-carrefour/R-prod80803/p
El-Mercado,Patatas rejilla condimentadas Carrefour 600 g.,"1,79 €","2,98 €/kg",https://www.carrefour.es/supermercado/gallo-racion-500-g-aprox/R-867010415/p
El-Mercado,Picos de pan con aceite de oliva Carrefour No Gluten sin gluten 100 g.,"1,50 €","15,00 €/kg",https://www.carrefour.es/supermercado/gallo-racion-500-g-aprox/R-867010415/p
El-Mercado,Paté de hígado de cerdo Carrefour 200 g.,"0,79 €","3,95 €/kg",https://www.carrefour.es/supermercado/jamon-curado-en-taquitos-navidul-pack-de-2-unidades-de-60-g-navidul/R-625801612/p
El-Mercado,Queso en lonchas semicurado Navidul 80 g.,"1,00 €","12,50 €/kg",https://www.carrefour.es/supermercado/jamon-curado-en-taquitos-navidul-pack-de-2-unidades-de-60-g-navidul/R-625801612/p
El-Mercado,Queso fresco batido desnatado Proteína Plus Carrefour 500 g.,"1,40 €","2,80 €/kg",https://www.carrefour.es/supermercado/pate-de-atun-casa-tarradellas-125-g-casa-tarradellas/R-521006594/p
El-Mercado,Chorizo Lonchas Revilla 70 g.,"1,07 €","15,29 €/kg",https://www.carrefour.es/supermercado/pate-de-atun-casa-tarradellas-125-g-casa-tarradellas/R-521006594/p
El-Mercado,Picos artesanos con aceite de oliva Carrefour 240 g,"1,39 €","5,79 €/kg",https://www.carrefour.es/supermercado/queso-rallado-gouda-miraflores-sin-lactosa-150-g-miraflores/R-823818560/p
El-Mercado,Queso en loncha tierno light Carrefour 200 g.,"1,99 €","9,95 €/kg",https://www.carrefour.es/supermercado/queso-rallado-gouda-miraflores-sin-lactosa-150-g-miraflores/R-823818560/p
El-Mercado,Barra grande extra Carrefour 1 ud,"0,89 €","2,74 €/kg",https://www.carrefour.es/supermercado/promocion?promoId=promof2530090
El-Mercado,Queso mascarpone Carrefour 250 g.,"1,70 €","6,80 €/kg",https://www.carrefour.es/supermercado/queso-mascarpone-carrefour-250-g-carrefour/R-521030582/p
El-Mercado,Pan media hogaza integral espelta 400 g,"2,00 €","5,00 €/kg",https://www.carrefour.es/supermercado/queso-mascarpone-carrefour-250-g-carrefour/R-521030582/p
El-Mercado,Lechugas salanova 400 g,"1,19 €","0,59 €/ud",https://www.carrefour.es/supermercado/pan-media-hogaza-integral-espelta-400-g/R-VC4AECOMM-516203/p
El-Mercado,Filete de merluza Argentina congelada Carrefour 1 kg.,"7,47 €","7,47 €/kg",https://www.carrefour.es/supermercado/pan-media-hogaza-integral-espelta-400-g/R-VC4AECOMM-516203/p
El-Mercado,Cabecero de lomo 50 % raza ibérica Boadas sin gluten y sin lactosa 100 g,"2,50 €","25,00 €/kg",https://www.carrefour.es/supermercado/lechugas-salanova-400-g/R-prod73494/p
El-Mercado,Osobuco de añojo Calidad y Origen Carrefour 700 g aprox,"5,67 €","8,10 €/kg",https://www.carrefour.es/supermercado/lechugas-salanova-400-g/R-prod73494/p
El-Mercado,Queso de untar con salmón Philadelphia 150 g.,"1,90 €","12,67 €/kg",https://www.carrefour.es/supermercado/filete-de-merluza-argentina-congelada-carrefour-1-kg-carrefour/R-823818281/p
El-Mercado,Patatas fritas golden long Mc Cain 1 kg.,"2,70 €","2,70 €/kg",https://www.carrefour.es/supermercado/filete-de-merluza-argentina-congelada-carrefour-1-kg-carrefour/R-823818281/p
El-Mercado,Queso para untar sin lactosa Carrefour No Lactosa 200 g.,"1,25 €","6,25 €/kg",https://www.carrefour.es/supermercado/cabecero-de-lomo-50-raza-iberica-boadas-sin-gluten-y-sin-lactosa-100-g/R-fprod1450060/p
El-Mercado,Pechuga de pavo en lonchas Noel - Delizias sin gluten y sin lactosa 110 g,"1,99 €","18,09 €/kg",https://www.carrefour.es/supermercado/cabecero-de-lomo-50-raza-iberica-boadas-sin-gluten-y-sin-lactosa-100-g/R-fprod1450060/p
El-Mercado,Salchichas vegetales ecológicas Carrefour Bio 230 g.,"2,40 €","10,43 €/kg",https://www.carrefour.es/supermercado/osobuco-de-anojo-calidad-y-origen-carrefour-700-g-aprox-calidad-y-origen-carrefour/R-prod1070075/p
El-Mercado,Masa hojaldre Carrefour pack de 2 unidades de 230 g.,"1,99 €","4,33 €/kg",https://www.carrefour.es/supermercado/osobuco-de-anojo-calidad-y-origen-carrefour-700-g-aprox-calidad-y-origen-carrefour/R-prod1070075/p
El-Mercado,Salchichas con queso de cabra Cheeselovers Oscar Mayer sin gluten 275 g.,"2,05 €","7,45 €/kg",https://www.carrefour.es/supermercado/queso-de-untar-con-salmon-philadelphia-150-g-philadelphia/R-708412804/p
El-Mercado,Queso parmesano reggiano Carrefour Bio 150 g,"5,95 €","39,67 €/kg",https://www.carrefour.es/supermercado/queso-de-untar-con-salmon-philadelphia-150-g-philadelphia/R-708412804/p
El-Mercado,Biscottes clásicos Carrefour 800 g.,"1,99 €","2,49 €/kg",https://www.carrefour.es/supermercado/patatas-fritas-golden-long-mc-cain-1-kg-mc-cain/R-530014441/p
El-Mercado,Masa de hojaldre estirada Carrefour 500 g.,"1,32 €","2,64 €/kg",https://www.carrefour.es/supermercado/patatas-fritas-golden-long-mc-cain-1-kg-mc-cain/R-530014441/p
El-Mercado,Pechuga de pavo ElPozo al corte 150 g aprox,"0,94 €","6,95 €/kg",https://www.carrefour.es/supermercado/queso-para-untar-sin-lactosa-carrefour-no-lactosa-200-g-carrefour-no-lactosa/R-prod231484/p
El-Mercado,Salchicha queso Wudy 150 g.,"1,82 €","6,27 €/kg",https://www.carrefour.es/supermercado/queso-para-untar-sin-lactosa-carrefour-no-lactosa-200-g-carrefour-no-lactosa/R-prod231484/p
El-Mercado,Bollito recubierto de chocolate blanco rayado Donettes 7 ud.,"3,85 €","10,34 €/kg",https://www.carrefour.es/supermercado/pechuga-de-pavo-en-lonchas-noel-delizias-sin-gluten-y-sin-lactosa-110-g-noel/R-631306759/p
El-Mercado,Chorizo ibérico Palacios 250 g.,"3,85 €","15,40 €/kg",https://www.carrefour.es/supermercado/pechuga-de-pavo-en-lonchas-noel-delizias-sin-gluten-y-sin-lactosa-110-g-noel/R-631306759/p
El-Mercado,Ajo morado ristra 500 g,"1,35 €","7,70 €/kg",https://www.carrefour.es/supermercado/promocion?promoId=promof2550024
El-Mercado,Chopped de lata cuadrada La Selva 150 g aprox,"1,40 €","8,99 €/kg",https://www.carrefour.es/supermercado/salchichas-vegetales-ecologicas-carrefour-bio-230-g-carrefour-bio/R-prod710041/p
El-Mercado,Pan payés pequeño Hecho aquí Carrefour 400 g,"3,20 €","1,40 €/ud",https://www.carrefour.es/supermercado/salchichas-vegetales-ecologicas-carrefour-bio-230-g-carrefour-bio/R-prod710041/p
El-Mercado,Rollitos de primavera 280 g,"3,00 €","3,00 €/ud",https://www.carrefour.es/supermercado/rollitos-de-primavera-280-g-ta-tung/R-525888287/p
El-Mercado,Pan rústico Panrico 375 g.,"2,30 €","6,13 €/kg",https://www.carrefour.es/supermercado/rollitos-de-primavera-280-g-ta-tung/R-525888287/p
El-Mercado,Fuet extra Carrefour sin gluten 150 g.,"1,33 €","8,87 €/kg",https://www.carrefour.es/supermercado/promocion?promoId=promof2550021
El-Mercado,Champiñon Carrefour Bio 300 g aprox,"2,98 €","9,95 €/kg",https://www.carrefour.es/supermercado/pan-rustico-panrico-375-g-panrico/R-prod870802/p
El-Mercado,"Queso curado mezcla Granja de la Luz cuña de 1/8, 300 g aprox","2,68 €","8,95 €/kg",https://www.carrefour.es/supermercado/pan-rustico-panrico-375-g-panrico/R-prod870802/p
El-Mercado,Cebolla dulce pelada Carrefour 500 g,"2,55 €","5,10 €/kg",https://www.carrefour.es/supermercado/fuet-extra-carrefour-sin-gluten-150-g-carrefour/R-521030837/p
El-Mercado,Queso emmental bloque President 250 g,"3,40 €","13,60 €/kg",https://www.carrefour.es/supermercado/fuet-extra-carrefour-sin-gluten-150-g-carrefour/R-521030837/p
El-Mercado,Paté de salmón Casa Tarradellas sin gluten 125 g.,"1,02 €","8,16 €/kg",https://www.carrefour.es/supermercado/champinon-carrefour-bio-300-g-aprox-carrefour-bio/R-fprod1220096/p
El-Mercado,"Conejo entero Calidad y Origen Carrefour 1,250 Kg aprox","7,44 €","5,95 €/kg",https://www.carrefour.es/supermercado/champinon-carrefour-bio-300-g-aprox-carrefour-bio/R-fprod1220096/p
El-Mercado,Chorizo extra pamplona loncheado Revilla envase 100 g,"1,00 €","14,29 €/kg",https://www.carrefour.es/supermercado/queso-curado-mezcla-granja-de-la-luz-cuna-de-1-8-300-g-aprox/R-826004775/p
El-Mercado,Regañás de pan 500 g,"2,00 €","4,00 €/kg",https://www.carrefour.es/supermercado/queso-curado-mezcla-granja-de-la-luz-cuna-de-1-8-300-g-aprox/R-826004775/p
El-Mercado,Taquitos de chorizo Revilla sin gluten 150 g.,"1,69 €","11,27 €/kg",https://www.carrefour.es/supermercado/promocion?promoId=promof2560127
El-Mercado,Salchichas Frankfurt con queso El Pozo sin gluten pack de 5 unidades de 140 g.,"2,00 €","3,57 €/kg",https://www.carrefour.es/supermercado/cebolla-dulce-pelada-carrefour-500-g-carrefour/R-521031809/p
El-Mercado,Queso rallado cheddar,"1,66 €","11,07 €/kg",https://www.carrefour.es/supermercado/cebolla-dulce-pelada-carrefour-500-g-carrefour/R-521031809/p
El-Mercado,Queso rallado mozzarella Arla 150 g.,"2,39 €","15,93 €/kg",https://www.carrefour.es/supermercado/queso-emmental-bloque-president-250-g/R-783928670/p
El-Mercado,Queso mini de cabra al pimentón Carrefour 425 g,"5,95 €","14,00 €/kg",https://www.carrefour.es/supermercado/queso-emmental-bloque-president-250-g/R-783928670/p
El-Mercado,Pan alemán de centeno integral ecológico Vegalife 500 g.,"1,99 €","3,98 €/kg",https://www.carrefour.es/supermercado/pate-de-salmon-casa-tarradellas-sin-gluten-125-g-casa-tarradellas/R-521006624/p
El-Mercado,Cebolla troceada congelada ecológica Carrefour Bio 450 g.,"1,26 €","2,80 €/kg",https://www.carrefour.es/supermercado/pate-de-salmon-casa-tarradellas-sin-gluten-125-g-casa-tarradellas/R-521006624/p
El-Mercado,Pan maxi burguer 300 g.,"0,71 €","2,37 €/kg",https://www.carrefour.es/supermercado/conejo-entero-calidad-y-origen-carrefour-1-250-kg-aprox-calidad-y-origen-carrefour/R-525878262/p
El-Mercado,Mejillón pasteurizado Calidad y Origen Carrefour 800 g,"3,95 €","4,94 €/kg",https://www.carrefour.es/supermercado/conejo-entero-calidad-y-origen-carrefour-1-250-kg-aprox-calidad-y-origen-carrefour/R-525878262/p
El-Mercado,Salchichas cocidas y ahumadas estilo Baviera Campofrío 260 g.,"2,20 €","8,46 €/kg",https://www.carrefour.es/supermercado/chorizo-extra-pamplona-loncheado-revilla-envase-100-g-revilla/R-671301818/p
El-Mercado,Jamón york en taquitos Campofrío pack 2 unidades de 85 g,"2,50 €","14,71 €/kg",https://www.carrefour.es/supermercado/chorizo-extra-pamplona-loncheado-revilla-envase-100-g-revilla/R-671301818/p
El-Mercado,Paleta curada en taco Carrefour 200 g,"3,20 €","16,00 €/kg",https://www.carrefour.es/supermercado/reganas-de-pan-500-g/R-789855620/p
El-Mercado,Queso rallado gratinar mozza + emmental Président 150 g.,"2,00 €","13,33 €/kg",https://www.carrefour.es/supermercado/reganas-de-pan-500-g/R-789855620/p
El-Mercado,Queso mini de cabra curado Carrefour 400 g,"5,95 €","14,87 €/kg",https://www.carrefour.es/supermercado/queso-mini-de-cabra-curado-carrefour-400-g-carrefour/R-fprod1260400/p
El-Mercado,Jamón cocido El Pozo 180 g.,"2,20 €","12,22 €/kg",https://www.carrefour.es/supermercado/queso-mini-de-cabra-curado-carrefour-400-g-carrefour/R-fprod1260400/p
El-Mercado,Patatas en dados Carrefour 450 g.,"0,79 €","1,76 €/kg",https://www.carrefour.es/supermercado/promocion?promoId=promof2550029
El-Mercado,Paté -50% grasa La Piara pack de 2 unidades de 73 g.,"2,70 €","18,49 €/kg",https://www.carrefour.es/supermercado/jamon-cocido-el-pozo-180-g-elpozo/R-725113328/p
El-Mercado,Masa de hojaldre con mantequilla Carrefour 230 g.,"0,99 €","4,30 €/kg",https://www.carrefour.es/supermercado/jamon-cocido-el-pozo-180-g-elpozo/R-725113328/p
El-Mercado,Carpaccio de vacuno ecológico Carrefour Bio 120 g aprox,"2,99 €","24,92 €/kg",https://www.carrefour.es/supermercado/promocion?promoId=promof2530057
El-Mercado,Paté suave de hígado de cerdo Sólo Natural La Piara pack de 2 unidades de 75 g.,"1,06 €","7,07 €/kg",https://www.carrefour.es/supermercado/patatas-en-dados-carrefour-450-g-carrefour/R-805726789/p
El-Mercado,Picada de ajo y perejil Fruits S&P 100 g,"1,39 €","13,90 €/kg",https://www.carrefour.es/supermercado/patatas-en-dados-carrefour-450-g-carrefour/R-805726789/p
El-Mercado,Huevas de lumpo negras Carrefour 80 g.,"2,20 €","27,50 €/kg",https://www.carrefour.es/supermercado/pate-50-grasa-la-piara-pack-de-2-unidades-de-73-g-la-piara/R-521011521/p
El-Mercado,Ensaladilla congelada Findus 1 kg.,"3,74 €","3,74 €/kg",https://www.carrefour.es/supermercado/pate-50-grasa-la-piara-pack-de-2-unidades-de-73-g-la-piara/R-521011521/p
El-Mercado,Paella marinera Apolo 1 kg.,"4,80 €","5,33 €/kg",https://www.carrefour.es/supermercado/masa-de-hojaldre-con-mantequilla-carrefour-230-g-carrefour/R-prod720318/p
El-Mercado,Queso curado puro de oveja mini Carrefour pieza de 1 Kg aprox,"11,25 €","9,45 €/kg",https://www.carrefour.es/supermercado/masa-de-hojaldre-con-mantequilla-carrefour-230-g-carrefour/R-prod720318/p
El-Mercado,Hogaza de pan Carrefour 500 g.,"1,18 €","2,36 €/kg",https://www.carrefour.es/supermercado/carpaccio-de-vacuno-ecologico-carrefour-bio-120-g-aprox/R-VC4AECOMM-477312/p
El-Mercado,Brócoli Findus 750 g.,"3,80 €","5,63 €/kg",https://www.carrefour.es/supermercado/carpaccio-de-vacuno-ecologico-carrefour-bio-120-g-aprox/R-VC4AECOMM-477312/p
El-Mercado,Mini croissant de mantequilla Carrefour 10 ud,"2,00 €","0,20 €/ud",https://www.carrefour.es/supermercado/pate-suave-de-higado-de-cerdo-solo-natural-la-piara-pack-de-2-unidades-de-75-g-la-piara/R-680601805/p
El-Mercado,Solomillo de cerdo ibérico Carrefour 400 g aprox,"7,16 €","17,90 €/kg",https://www.carrefour.es/supermercado/pate-suave-de-higado-de-cerdo-solo-natural-la-piara-pack-de-2-unidades-de-75-g-la-piara/R-680601805/p
El-Mercado,Pan tostado normal Recondo 270 g.,"1,93 €","7,15 €/kg",https://www.carrefour.es/supermercado/picada-de-ajo-y-perejil-fruits-sp-100-g-carrefour/R-616101660/p
El-Mercado,Salchichas con queso cheddar Cheeselovers Oscar Mayer sin gluten 275 g.,"2,10 €","7,64 €/kg",https://www.carrefour.es/supermercado/picada-de-ajo-y-perejil-fruits-sp-100-g-carrefour/R-616101660/p
El-Mercado,Pechuga de pollo en lonchas El Pozo sin gluten 200 g.,"3,85 €","10,50 €/kg",https://www.carrefour.es/supermercado/huevas-de-lumpo-negras-carrefour-80-g-carrefour/R-prod550271/p
El-Mercado,Queso con palitos La Vaca que ríe 280 g.,"1,60 €","13,75 €/kg",https://www.carrefour.es/supermercado/huevas-de-lumpo-negras-carrefour-80-g-carrefour/R-prod550271/p
El-Mercado,Filete de lomo de cerdo Carrefour 250 g aprox,"2,20 €","6,40 €/kg",https://www.carrefour.es/supermercado/ensaladilla-congelada-findus-1-kg-findus/R-712515227/p
El-Mercado,Hogaza de pan aldeana Hecho aquí Carrefour 600 g,"2,40 €","3,67 €/kg",https://www.carrefour.es/supermercado/ensaladilla-congelada-findus-1-kg-findus/R-712515227/p
El-Mercado,Queso rallado emmental ecológico Carrefour Bio 200g.,"6,20 €","12,00 €/kg",https://www.carrefour.es/supermercado/paella-marinera-apolo-1-kg-apolo/R-746375334/p
El-Mercado,Jamón de cebo ibérico Selección,"3,39 €","56,50 €/kg",https://www.carrefour.es/supermercado/jamon-de-cebo-iberico-seleccion-legado-elpozo/R-prod650063/p
El-Mercado,Pimiento picante 200 g,"1,69 €","8,45 €/kg",https://www.carrefour.es/supermercado/jamon-de-cebo-iberico-seleccion-legado-elpozo/R-prod650063/p
El-Mercado,Lima Carrefour a granel 300 g aprox,"1,00 €","3,10 €/kg",https://www.carrefour.es/supermercado/pimiento-picante-200-g/R-557501565/p
El-Mercado,Pan Payesita Carrefour 3 ud,"3,09 €","3,33 €/kg",https://www.carrefour.es/supermercado/pimiento-picante-200-g/R-557501565/p
El-Mercado,"Melón galia 1,350 kg aprox","0,90 €","2,29 €/kg",https://www.carrefour.es/supermercado/lima-carrefour-a-granel-300-g-aprox/R-VC4AECOMM-485745/p
El-Mercado,Bocaditos Carrefour 370 g.,"2,10 €","2,43 €/kg",https://www.carrefour.es/supermercado/lima-carrefour-a-granel-300-g-aprox/R-VC4AECOMM-485745/p
El-Mercado,Mini tostadas Carrefour 200 g.,"0,52 €","10,50 €/kg",https://www.carrefour.es/supermercado/pan-payesita-carrefour-3-ud-carrefour/R-601401346/p
El-Mercado,Barritas tostadas integrales con fibra Carrefour 225 g.,"3,20 €","2,31 €/kg",https://www.carrefour.es/supermercado/pan-payesita-carrefour-3-ud-carrefour/R-601401346/p
El-Mercado,Carne de Mejillon cocido 80/120 Carrefour 400 g.,"1,00 €","8,00 €/kg",https://www.carrefour.es/supermercado/melon-galia-1-350-kg-aprox-carrefour/R-521032180/p
El-Mercado,Jamón curado 25% menos de sal Navidul sin gluten 50 g.,"4,20 €","20,00 €/kg",https://www.carrefour.es/supermercado/melon-galia-1-350-kg-aprox-carrefour/R-521032180/p
El-Mercado,Hamburguesa de vacuno pata negra 2x150 gr,"3,28 €","14,00 €/kg",https://www.carrefour.es/supermercado/bocaditos-carrefour-370-g-carrefour/R-682401711/p
El-Mercado,"Queso curado de oveja Legio cuña de 1/8, 300 g aprox","2,26 €","10,95 €/kg",https://www.carrefour.es/supermercado/bocaditos-carrefour-370-g-carrefour/R-682401711/p
El-Mercado,Queso azul light en porciones La Vaca que ríe 250 g.,"2,95 €","9,04 €/kg",https://www.carrefour.es/supermercado/mini-tostadas-carrefour-200-g-carrefour/R-526510765/p
El-Mercado,Palitos de supremas de mar 375 g,"1,95 €","7,87 €/kg",https://www.carrefour.es/supermercado/mini-tostadas-carrefour-200-g-carrefour/R-526510765/p
El-Mercado,Pan Superburguer Brioche 330 g,"0,55 €","5,91 €/kg",https://www.carrefour.es/supermercado/barritas-tostadas-integrales-con-fibra-carrefour-225-g-carrefour/R-521002590/p
El-Mercado,Napolitana bombón Carrefour compra,"1,10 €","5,50 €/kg",https://www.carrefour.es/supermercado/barritas-tostadas-integrales-con-fibra-carrefour-225-g-carrefour/R-521002590/p
El-Mercado,Perejil ultracongelado Carrefour 50 g.,"1,05 €","11,00 €/kg",https://www.carrefour.es/supermercado/carne-de-mejillon-cocido-80-120-carrefour-400-g-carrefour/R-522714764/p
El-Mercado,Zanahoria Calidad y Origen Carrefour 125 g,"2,90 €","8,40 €/kg",https://www.carrefour.es/supermercado/carne-de-mejillon-cocido-80-120-carrefour-400-g-carrefour/R-522714764/p
El-Mercado,Salmón Marinado Carrefour 100 g.,"1,20 €","29,00 €/kg",https://www.carrefour.es/supermercado/jamon-curado-25-menos-de-sal-navidul-sin-gluten-50-g-navidul/R-837617273/p
El-Mercado,Lechuga hoja de roble roja 1 ud,"0,99 €","1,20 €/ud",https://www.carrefour.es/supermercado/jamon-curado-25-menos-de-sal-navidul-sin-gluten-50-g-navidul/R-837617273/p
El-Mercado,Queso fresco cottage Protein Arla 200 g.,"1,27 €","8,45 €/kg",https://www.carrefour.es/supermercado/hamburguesa-de-vacuno-pata-negra-2x150-gr/R-prod460032/p
El-Mercado,"Queso blanco pasteurizado bajo contenido de sal Carrefour pack de 4 unidades de 62,5 g.","1,06 €","3,96 €/kg",https://www.carrefour.es/supermercado/hamburguesa-de-vacuno-pata-negra-2x150-gr/R-prod460032/p
El-Mercado,Salchichón ibérico extra Carrefour sin gluten pack de 2 unidades de 125 g,"1,85 €","14,80 €/kg",https://www.carrefour.es/supermercado/salchichon-iberico-extra-carrefour-sin-gluten-pack-de-2-unidades-de-125-g/R-VC4AECOMM-468304/p
El-Mercado,Langostino crudo Carrefour 800 g.,"7,15 €","8,94 €/kg",https://www.carrefour.es/supermercado/salchichon-iberico-extra-carrefour-sin-gluten-pack-de-2-unidades-de-125-g/R-VC4AECOMM-468304/p
El-Mercado,Compango asturiano De Nuetra Tierra 400 g.,"7,30 €","18,25 €/kg",https://www.carrefour.es/supermercado/langostino-crudo-carrefour-800-g-carrefour/R-521031182/p
El-Mercado,Magdalenas 0% azúcares La Bella Easo 240 g.,"1,99 €","8,29 €/kg",https://www.carrefour.es/supermercado/langostino-crudo-carrefour-800-g-carrefour/R-521031182/p
El-Mercado,Seta laminada Carrefour 250 g aprox,"1,22 €","4,90 €/kg",https://www.carrefour.es/supermercado/compango-asturiano-de-nuetra-tierra-400-g-de-nuestra-tierra/R-521013866/p
El-Mercado,Chuletas de cordero lechal 450 g aprox,"11,65 €","25,90 €/kg",https://www.carrefour.es/supermercado/compango-asturiano-de-nuetra-tierra-400-g-de-nuestra-tierra/R-521013866/p
El-Mercado,Lasaña de espinacas y crema de queso fundido de cabra Carrefour 380 g,"3,00 €","8,57 €/kg",https://www.carrefour.es/supermercado/magdalenas-0-azucares-la-bella-easo-240-g-la-bella-easo/R-762102327/p
El-Mercado,Filetes 1ª B de añojo Calidad y Origen Carrefour 300 g aprox,"2,61 €","8,70 €/kg",https://www.carrefour.es/supermercado/magdalenas-0-azucares-la-bella-easo-240-g-la-bella-easo/R-762102327/p
El-Mercado,Jamón serrano natural en lonchas extrafinas 100 g,"1,99 €","19,90 €/kg",https://www.carrefour.es/supermercado/seta-laminada-carrefour-250-g-aprox-carrefour/R-fprod1220142/p
El-Mercado,Salchichas Jumbo de pollo Oscar Mayer 350 g.,"2,10 €","6,00 €/kg",https://www.carrefour.es/supermercado/seta-laminada-carrefour-250-g-aprox-carrefour/R-fprod1220142/p
El-Mercado,Queso brie snacking President 180 g,"2,50 €","13,89 €/kg",https://www.carrefour.es/supermercado/chuletas-de-cordero-lechal-450-g-aprox-carrefour/R-521033915/p
El-Mercado,Langostino extra grande cocido 24/32 Carrefour 800 g.,"9,25 €","11,56 €/kg",https://www.carrefour.es/supermercado/chuletas-de-cordero-lechal-450-g-aprox-carrefour/R-521033915/p
El-Mercado,Queso fresco tradicional Carrefour 250 g.,"1,29 €","5,16 €/kg",https://www.carrefour.es/supermercado/lasana-de-espinacas-y-crema-de-queso-fundido-de-cabra-carrefour-380-g-carrefour/R-793846722/p
El-Mercado,Tiras de jamón curado Navidul sin gluten 60 g.,"1,07 €","17,83 €/kg",https://www.carrefour.es/supermercado/lasana-de-espinacas-y-crema-de-queso-fundido-de-cabra-carrefour-380-g-carrefour/R-793846722/p
El-Mercado,Queso havarti light en lonchas Arla 150 g.,"2,39 €","15,93 €/kg",https://www.carrefour.es/supermercado/filetes-1-b-de-anojo-calidad-y-origen-carrefour-300-g-aprox-calidad-y-origen-carrefour/R-prod1070080/p
El-Mercado,Queso rallado cheddar Margui 200 g.,"1,68 €","8,40 €/kg",https://www.carrefour.es/supermercado/filetes-1-b-de-anojo-calidad-y-origen-carrefour-300-g-aprox-calidad-y-origen-carrefour/R-prod1070080/p
El-Mercado,Masa pizza ecológica Carrefour Bio 260 g.,"2,15 €","8,27 €/kg",https://www.carrefour.es/supermercado/jamon-serrano-natural-en-lonchas-extrafinas-100-g/R-VC4AECOMM-426357/p
El-Mercado,Bollo con pepitas de chocolate Weikis La Bella Easo 6 ud.,"1,55 €","7,96 €/kg",https://www.carrefour.es/supermercado/jamon-serrano-natural-en-lonchas-extrafinas-100-g/R-VC4AECOMM-426357/p
El-Mercado,Crema de queso semicurado Président 125 g.,"9,73 €","12,40 €/kg",https://www.carrefour.es/supermercado/salchichas-jumbo-de-pollo-oscar-mayer-350-g-oscar-mayer/R-521033027/p
El-Mercado,Lubina grande ecológica 700 g aprox,"0,79 €","13,90 €/kg",https://www.carrefour.es/supermercado/salchichas-jumbo-de-pollo-oscar-mayer-350-g-oscar-mayer/R-521033027/p
El-Mercado,Pan de la abuela 360 g,"1,99 €","2,19 €/kg",https://www.carrefour.es/supermercado/promocion?promoId=promof2530089
El-Mercado,Ensalada New Yorker Carrefour 210 g,"2,39 €","9,48 €/kg",https://www.carrefour.es/supermercado/queso-brie-snacking-president-180-g/R-783928724/p
El-Mercado,Pan tostado con sésamo Wasa 200 g.,"1,44 €","11,95 €/kg",https://www.carrefour.es/supermercado/queso-brie-snacking-president-180-g/R-783928724/p
El-Mercado,Jamón serrano reserva en loncha entera Carrefour sin lactosa 130 g.,"2,25 €","17,31 €/kg",https://www.carrefour.es/supermercado/jamon-serrano-reserva-en-loncha-entera-carrefour-sin-lactosa-130-g/R-VC4AECOMM-436271/p
El-Mercado,Queso fresco cincho Carrefour 150 g aprox,"1,17 €","7,80 €/kg",https://www.carrefour.es/supermercado/jamon-serrano-reserva-en-loncha-entera-carrefour-sin-lactosa-130-g/R-VC4AECOMM-436271/p
El-Mercado,Tomate cocktail romántico Carrefour 225 g,"1,79 €","7,96 €/kg",https://www.carrefour.es/supermercado/queso-fresco-cincho-carrefour-150-g-aprox-carrefour/R-603504388/p
El-Mercado,Salchichas Frankfurt El Pozo pack de 4 unidades 170 g,"2,10 €","3,09 €/kg",https://www.carrefour.es/supermercado/queso-fresco-cincho-carrefour-150-g-aprox-carrefour/R-603504388/p
El-Mercado,Tostadas crujientes de centeno y sésamo Carrefour 250 g.,"0,93 €","3,72 €/kg",https://www.carrefour.es/supermercado/tomate-cocktail-romantico-carrefour-225-g-carrefour/R-prod301502/p
El-Mercado,Tostadas pan chapata Recondo 167 g.,"1,95 €","11,68 €/kg",https://www.carrefour.es/supermercado/tomate-cocktail-romantico-carrefour-225-g-carrefour/R-prod301502/p
El-Mercado,Molletes de pan para hornear o tostar Carrefour pack de 2 unidades de 100 g.,"0,83 €","4,15 €/kg",https://www.carrefour.es/supermercado/salchichas-frankfurt-el-pozo-pack-de-4-unidades-170-g/R-VC4AECOMM-529783/p
El-Mercado,Queso en lonchas suaves Burgo de Arias 125 g.,"4,10 €","13,20 €/kg",https://www.carrefour.es/supermercado/salchichas-frankfurt-el-pozo-pack-de-4-unidades-170-g/R-VC4AECOMM-529783/p
El-Mercado,Bacon ahumado en lonchas El Pozo pack de 2 unidades de 180 g envase de 360 g,"1,55 €","11,39 €/kg",https://www.carrefour.es/supermercado/HuchaPromocion?promoId=huchaDisc420066
El-Mercado,Tomate natural rallado ecológico Tropic 230 g,"0,99 €","6,74 €/kg",https://www.carrefour.es/supermercado/tostadas-crujientes-de-centeno-y-sesamo-carrefour-250-g/R-prod731200/p
El-Mercado,Barra de pan integral 100% Hecho aquí Carrefour 200 g,"3,85 €","0,99 €/ud",https://www.carrefour.es/supermercado/tostadas-crujientes-de-centeno-y-sesamo-carrefour-250-g/R-prod731200/p
El-Mercado,Raclette en lonchas Carrefour 400 g.,"1,95 €","9,62 €/kg",https://www.carrefour.es/supermercado/tostadas-pan-chapata-recondo-167-g-recondo/R-855700390/p
El-Mercado,Pechuga de pollo Campofrío Finissimas 170 g.,"2,90 €","15,29 €/kg",https://www.carrefour.es/supermercado/tostadas-pan-chapata-recondo-167-g-recondo/R-855700390/p
El-Mercado,Fuet extra Sabores de la Garrotxa pieza Embutidos Noel 175 g,"2,25 €","11,47 €/kg",https://www.carrefour.es/supermercado/molletes-de-pan-para-hornear-o-tostar-carrefour-pack-de-2-unidades-de-100-g-carrefour/R-728110676/p
El-Mercado,Jamón cocido extra loncheado Ferrarini 100 g,"1,39 €","29,00 €/kg",https://www.carrefour.es/supermercado/molletes-de-pan-para-hornear-o-tostar-carrefour-pack-de-2-unidades-de-100-g-carrefour/R-728110676/p
El-Mercado,Yuca 1 Kg aprox,"2,69 €","2,25 €/kg",https://www.carrefour.es/supermercado/queso-en-lonchas-suaves-burgo-de-arias-125-g-burgo-de-arias/R-780047502/p
El-Mercado,Tomate natural rallado con Aceite de Oliva Virgen Surinver 230 g,"2,70 €","6,04 €/kg",https://www.carrefour.es/supermercado/queso-en-lonchas-suaves-burgo-de-arias-125-g-burgo-de-arias/R-780047502/p
El-Mercado,Paté de hígado de cerdo Tapa Negra La Piara 230 g.,"4,38 €","11,70 €/kg",https://www.carrefour.es/supermercado/HuchaPromocion?promoId=huchaDisc440008
El-Mercado,Queso rallado emmental Margui 400 g.,"2,29 €","6,75 €/kg",https://www.carrefour.es/supermercado/bacon-ahumado-en-lonchas-el-pozo-pack-de-2-unidades-de-180-g-envase-de-360-g-elpozo/R-590503030/p
El-Mercado,Longaniza blanca fresca de cerdo ibérico La Nuncia 300 g,"20,15 €","10,95 €/kg",https://www.carrefour.es/supermercado/bacon-ahumado-en-lonchas-el-pozo-pack-de-2-unidades-de-180-g-envase-de-360-g-elpozo/R-590503030/p
El-Mercado,Col china 1 ud,"2,50 €","2,29 €/ud",https://www.carrefour.es/supermercado/tomate-natural-rallado-ecologico-tropic-230-g/R-prod250554/p
El-Mercado,Gambón crudo grande Carrefour 2 kg.,"1,00 €","10,07 €/kg",https://www.carrefour.es/supermercado/tomate-natural-rallado-ecologico-tropic-230-g/R-prod250554/p
El-Mercado,Bacon lonchas ecológico Biobardales 100 g.,"2,39 €","23,90 €/kg",https://www.carrefour.es/supermercado/bacon-lonchas-ecologico-biobardales-100-g-biobardales/R-590205589/p
El-Mercado,Pan tostado con trigo integral ecológico Carrefour Bio 250 g.,"1,84 €","7,36 €/kg",https://www.carrefour.es/supermercado/bacon-lonchas-ecologico-biobardales-100-g-biobardales/R-590205589/p
El-Mercado,Salchichas cocidas y ahumadas de pollo Carrefour 200 g.,"0,60 €","3,00 €/kg",https://www.carrefour.es/supermercado/pan-tostado-con-trigo-integral-ecologico-carrefour-bio-250-g-carrefour-bio/R-662401918/p
El-Mercado,Salchichas BIG pavo El Pozo pack de 3 unidades de 200 g.,"4,15 €","3,18 €/kg",https://www.carrefour.es/supermercado/pan-tostado-con-trigo-integral-ecologico-carrefour-bio-250-g-carrefour-bio/R-662401918/p
El-Mercado,Paleta de cebo ibérica en lonchas Carrefour 100 g.,"3,54 €","41,50 €/kg",https://www.carrefour.es/supermercado/salchichas-cocidas-y-ahumadas-de-pollo-carrefour-200-g-carrefour/R-521031141/p
El-Mercado,Jamón serrano reserva medias lonchas Carrefour sin lactosa pack de 2 unidades de 120 g.,"3,43 €","14,75 €/kg",https://www.carrefour.es/supermercado/salchichas-cocidas-y-ahumadas-de-pollo-carrefour-200-g-carrefour/R-521031141/p
El-Mercado,Centro jamón reserva Pedro Diego Salamanca al corte 150 g aprox,"0,79 €","22,90 €/kg",https://www.carrefour.es/supermercado/salchichas-big-pavo-el-pozo-pack-de-3-unidades-de-200-g-elpozo/R-766916874/p
El-Mercado,Croissant de mantequilla de chocolate 90 g,"5,50 €","8,78 €/kg",https://www.carrefour.es/supermercado/salchichas-big-pavo-el-pozo-pack-de-3-unidades-de-200-g-elpozo/R-766916874/p
El-Mercado,Cola de rape chino congelado 800 g,"2,09 €","6,87 €/kg",https://www.carrefour.es/supermercado/HuchaPromocion?promoId=huchaDisc420066
El-Mercado,Queso emmental loncheado Carrefour sin lactosa 150 g.,"1,18 €","13,93 €/kg",https://www.carrefour.es/supermercado/paleta-de-cebo-iberica-en-lonchas-carrefour-100-g-carrefour/R-521030799/p
El-Mercado,Queso rallado topping pizza Royal 115 g.,"4,15 €","10,26 €/kg",https://www.carrefour.es/supermercado/paleta-de-cebo-iberica-en-lonchas-carrefour-100-g-carrefour/R-521030799/p
El-Mercado,Queso camembert Caprice Des Dieux 200 g,"1,95 €","20,75 €/kg",https://www.carrefour.es/supermercado/jamon-serrano-reserva-medias-lonchas-carrefour-sin-lactosa-pack-de-2-unidades-de-120-g/R-VC4AECOMM-436276/p
El-Mercado,Hamburguesa de vacuno raza frisona 240 g,"2,69 €","8,12 €/kg",https://www.carrefour.es/supermercado/jamon-serrano-reserva-medias-lonchas-carrefour-sin-lactosa-pack-de-2-unidades-de-120-g/R-VC4AECOMM-436276/p
El-Mercado,Bacalao en lonchas ahumado Carrefour 80 g.,"1,55 €","33,62 €/kg",https://www.carrefour.es/supermercado/centro-jamon-reserva-pedro-diego-salamanca-al-corte-150-g-aprox-pedro-diego/R-603504382/p
El-Mercado,Crema cheddar Président 125 g.,"2,30 €","12,40 €/kg",https://www.carrefour.es/supermercado/centro-jamon-reserva-pedro-diego-salamanca-al-corte-150-g-aprox-pedro-diego/R-603504382/p
El-Mercado,Palitos de trigo con pipas Grefusa Snatt's pack de 4 unidades de 40 g.,"2,75 €","14,37 €/kg",https://www.carrefour.es/supermercado/croissant-de-mantequilla-de-chocolate-90-g/R-prod1130634/p
El-Mercado,Chorizo extra curado Revilla al corte 250 g aprox,"1,65 €","10,99 €/kg",https://www.carrefour.es/supermercado/croissant-de-mantequilla-de-chocolate-90-g/R-prod1130634/p
El-Mercado,Pulpa de aguacate Carrefour 125 g,"0,95 €","13,20 €/kg",https://www.carrefour.es/supermercado/cola-de-rape-chino-congelado-800-g/R-fprod1320155/p
El-Mercado,Chopped Pork Tp Ricura ElPozo 250 g,"6,95 €","3,80 €/kg",https://www.carrefour.es/supermercado/cola-de-rape-chino-congelado-800-g/R-fprod1320155/p
El-Mercado,Queso tierno de cabra mini Carrefour 550 g,"4,20 €","12,64 €/kg",https://www.carrefour.es/supermercado/queso-emmental-loncheado-carrefour-sin-lactosa-150-g-carrefour-no-lactosa/R-784418122/p
El-Mercado,Queso de mezcla semicurado Gran Capitán cuña cortada de 230 g aprox,"1,80 €","18,26 €/kg",https://www.carrefour.es/supermercado/queso-emmental-loncheado-carrefour-sin-lactosa-150-g-carrefour-no-lactosa/R-784418122/p
El-Mercado,Barra de pan rústica multicereales rebanada 400 g,"1,93 €","4,50 €/kg",https://www.carrefour.es/supermercado/queso-rallado-topping-pizza-royal-115-g-royal/R-796400263/p
El-Mercado,Pan tostado integral sin sal y sin azúcar añadidos Recondo 270 g.,"2,30 €","7,15 €/kg",https://www.carrefour.es/supermercado/queso-rallado-topping-pizza-royal-115-g-royal/R-796400263/p
La-despensa,Leche semidesnatada Carrefour brik 1l.,"0,99 €","0,56 €/l",https://www.carrefour.es/supermercado/leche-semidesnatada-carrefour-brik-1l-carrefour/R-521007071/p
La-despensa,Lenteja pardina categoría extra Carrefour 1 kg.,"1,45 €","1,45 €/kg",https://www.carrefour.es/supermercado/lenteja-pardina-categoria-extra-carrefour-1-kg-carrefour/R-616401946/p
La-despensa,Macarrones plumas nº6 Gallo 750 g.,"0,75 €","1,60 €/kg",https://www.carrefour.es/supermercado/lenteja-pardina-categoria-extra-carrefour-1-kg-carrefour/R-616401946/p
La-despensa,Leche semidesnatada Carrefour sin lactosa brik 1 l.,"0,23 €","0,75 €/l",https://www.carrefour.es/supermercado/macarrones-plumas-n6-gallo-750-g-gallo/R-591501580/p
La-despensa,Sal marina fina Carrefour 1 kg.,"0,78 €","0,23 €/kg",https://www.carrefour.es/supermercado/macarrones-plumas-n6-gallo-750-g-gallo/R-591501580/p
La-despensa,Fideo cabellín Carrefour 1 kg.,"0,43 €","0,78 €/kg",https://www.carrefour.es/supermercado/promocion?promoId=promof2530063
La-despensa,Harina de trigo Carrefour 1 kg.,"0,90 €","0,43 €/kg",https://www.carrefour.es/supermercado/leche-semidesnatada-carrefour-sin-lactosa-brik-1-l-carrefour/R-714713105/p
La-despensa,Leche semidesnatada Central Lechera Asturiana sin lactosa brik 1 l.,"0,34 €","0,89 €/l",https://www.carrefour.es/supermercado/leche-semidesnatada-carrefour-sin-lactosa-brik-1-l-carrefour/R-714713105/p
La-despensa,Galletas María dorada Carrefour 800 g.,"1,19 €","1,12 €/kg",https://www.carrefour.es/supermercado/sal-marina-fina-carrefour-1-kg-carrefour/R-521005130/p
La-despensa,Espaguetis nº3 Gallo 750 g.,"0,89 €","1,65 €/kg",https://www.carrefour.es/supermercado/sal-marina-fina-carrefour-1-kg-carrefour/R-521005130/p
La-despensa,Levadura fresca Levanova sin gluten pack de 2 sobres de 25 g.,"1,95 €","6,80 €/kg",https://www.carrefour.es/supermercado/fideo-cabellin-carrefour-1-kg-carrefour/R-544501831/p
La-despensa,Maíz Dulce Carrefour pack de 3unidades de 140 g.,"0,89 €","2,83 €/kg",https://www.carrefour.es/supermercado/fideo-cabellin-carrefour-1-kg-carrefour/R-544501831/p
La-despensa,Garbanzo cocido categoría extra Luengo 400 g.,"2,90 €","2,22 €/kg",https://www.carrefour.es/supermercado/harina-de-trigo-carrefour-1-kg-carrefour/R-538408167/p
La-despensa,"Yogur de fresa, de macedonia, de limón y de fresa-plátano Carrefour pack de 16 unidades de 125 g.","0,59 €","0,97 €/kg",https://www.carrefour.es/supermercado/harina-de-trigo-carrefour-1-kg-carrefour/R-538408167/p
La-despensa,Leche entera Pascual brik 1 l.,"0,97 €","0,89 €/l",https://www.carrefour.es/supermercado/leche-semidesnatada-central-lechera-asturiana-sin-lactosa-brik-1-l-central-lechera-asturiana/R-670001999/p
La-despensa,Lenteja pardina categoría extra Luengo 1 kg.,"3,45 €","2,90 €/kg",https://www.carrefour.es/supermercado/leche-semidesnatada-central-lechera-asturiana-sin-lactosa-brik-1-l-central-lechera-asturiana/R-670001999/p
La-despensa,Espirales vegetales Carrefour 500 g.,"2,75 €","1,18 €/kg",https://www.carrefour.es/supermercado/galletas-maria-dorada-carrefour-800-g-carrefour/R-fprod1220431/p
La-despensa,Harina de trigo Gallo 1 kg.,"1,94 €","0,97 €/kg",https://www.carrefour.es/supermercado/galletas-maria-dorada-carrefour-800-g-carrefour/R-fprod1220431/p
La-despensa,Aceite de oliva virgen extra Carrefour 1 l.,"0,51 €","3,45 €/l",https://www.carrefour.es/supermercado/espaguetis-n3-gallo-750-g-gallo/R-591501578/p
La-despensa,"Galletas con cereales, vitaminas y calcio Tosta Rica Cuétara 800 g.","0,82 €","3,20 €/kg",https://www.carrefour.es/supermercado/espaguetis-n3-gallo-750-g-gallo/R-591501578/p
La-despensa,Galletas Dinosaurus Artiach 411 g.,"1,10 €","4,72 €/kg",https://www.carrefour.es/supermercado/promocion?promoId=promof2530063
La-despensa,Tiburón Carrefour 500 g.,"0,24 €","1,02 €/kg",https://www.carrefour.es/supermercado/levadura-fresca-levanova-sin-gluten-pack-de-2-sobres-de-25-g-levanova/R-805763827/p
La-despensa,"Leche semidesnatada Central Lechera Asturiana botella 2,2 l.","1,67 €","0,76 €/l",https://www.carrefour.es/supermercado/leche-semidesnatada-central-lechera-asturiana-botella-2-2-l-central-lechera-asturiana/R-740504205/p
La-despensa,Alubia cocida categoría extra Carrefour 400 g.,"0,59 €","1,48 €/kg",https://www.carrefour.es/supermercado/leche-semidesnatada-central-lechera-asturiana-botella-2-2-l-central-lechera-asturiana/R-740504205/p
La-despensa,Aceite de girasol Carrefour garrafa 5 l.,"4,75 €","0,95 €/l",https://www.carrefour.es/supermercado/alubia-cocida-categoria-extra-carrefour-400-g-carrefour/R-521005493/p
La-despensa,Aceitunas verdes rellenas de anchoa Carrefour pack de 3 unidades de 150 g.,"1,99 €","4,42 €/kg",https://www.carrefour.es/supermercado/alubia-cocida-categoria-extra-carrefour-400-g-carrefour/R-521005493/p
La-despensa,Natillas de vainilla Carrefour pack de 4 unidades de 125 g.,"0,69 €","1,38 €/kg",https://www.carrefour.es/supermercado/aceite-de-girasol-carrefour-garrafa-5-l-carrefour/R-520661084/p
La-despensa,Leche desnatada Carrefour sin lactosa brik 1 l.,"0,75 €","0,75 €/l",https://www.carrefour.es/supermercado/aceite-de-girasol-carrefour-garrafa-5-l-carrefour/R-520661084/p
La-despensa,Nueces sin cáscara Carrefour 200 g.,"2,60 €","13,00 €/kg",https://www.carrefour.es/supermercado/aceitunas-verdes-rellenas-de-anchoa-carrefour-pack-de-3-unidades-de-150-g/R-VC4AECOMM-441977/p
La-despensa,Caldo casero de pollo Gallina Blanca pack de 4 briks de 1 l.,"0,79 €","1,34 €/l",https://www.carrefour.es/supermercado/aceitunas-verdes-rellenas-de-anchoa-carrefour-pack-de-3-unidades-de-150-g/R-VC4AECOMM-441977/p
La-despensa,Leche desnatada Central Lechera Asturiana brik 1 l.,"0,71 €","0,79 €/l",https://www.carrefour.es/supermercado/natillas-de-vainilla-carrefour-pack-de-4-unidades-de-125-g-carrefour/R-835176181/p
La-despensa,Leche semidesnatada Président brik 1 l.,"0,82 €","0,63 €/l",https://www.carrefour.es/supermercado/natillas-de-vainilla-carrefour-pack-de-4-unidades-de-125-g-carrefour/R-835176181/p
La-despensa,"Aceite de oliva suave 0,4º Carrefour garrafa 5 l.","2,15 €","2,08 €/l",https://www.carrefour.es/supermercado/leche-desnatada-carrefour-sin-lactosa-brik-1-l-carrefour/R-714713109/p
La-despensa,Tomate triturado Carrefour 780 g.,"0,89 €","0,91 €/kg",https://www.carrefour.es/supermercado/leche-desnatada-carrefour-sin-lactosa-brik-1-l-carrefour/R-714713109/p
La-despensa,Caldo de pollo Carrefour sin gluten brik 1 l.,"1,70 €","0,82 €/l",https://www.carrefour.es/supermercado/nueces-sin-cascara-carrefour-200-g-carrefour/R-521003605/p
La-despensa,Huevos XL Carrefour 12 ud.,"0,49 €","2,15 €/docena",https://www.carrefour.es/supermercado/nueces-sin-cascara-carrefour-200-g-carrefour/R-521003605/p
La-despensa,Galletas avena choco Digestive Gullón 425 g.,"1,93 €","3,04 €/kg",https://www.carrefour.es/supermercado/caldo-casero-de-pollo-gallina-blanca-pack-de-4-briks-de-1-l-gallina-blanca/R-682801675/p
La-despensa,Leche desnatada 0% MG Pascual brik 1 l.,"1,40 €","0,89 €/l",https://www.carrefour.es/supermercado/caldo-casero-de-pollo-gallina-blanca-pack-de-4-briks-de-1-l-gallina-blanca/R-682801675/p
La-despensa,Azúcar moreno de caña integral Azucarera 800 g.,"0,41 €","2,12 €/kg",https://www.carrefour.es/supermercado/HuchaPromocion?promoId=huchaDisc420021
La-despensa,Vinagre de vino blanco Carrefour 1 l.,"1,59 €","0,49 €/l",https://www.carrefour.es/supermercado/leche-desnatada-central-lechera-asturiana-brik-1-l-central-lechera-asturiana/R-521007089/p
La-despensa,Tomate frito Solís sin gluten y sin lactosa pack 2 tarros de 460 g.,"0,77 €","2,10 €/kg",https://www.carrefour.es/supermercado/leche-desnatada-central-lechera-asturiana-brik-1-l-central-lechera-asturiana/R-521007089/p
La-despensa,Mantequilla pastilla sin sal Carrefour 250 g.,"0,77 €","5,60 €/kg",https://www.carrefour.es/supermercado/leche-semidesnatada-president-brik-1-l-president/R-521007081/p
La-despensa,"Leche semidesnatada Central Lechera Asturiana botella 1,5 l.","1,99 €","0,79 €/l",https://www.carrefour.es/supermercado/leche-semidesnatada-central-lechera-asturiana-botella-1-5-l-central-lechera-asturiana/R-521007077/p
La-despensa,Yogur natural Danone pack de 8 unidades de 120 g.,"0,78 €","1,99 €/kg",https://www.carrefour.es/supermercado/leche-semidesnatada-central-lechera-asturiana-botella-1-5-l-central-lechera-asturiana/R-521007077/p
La-despensa,Aceitunas negras Cacereñas sin hueso Carrefour 150 g.,"1,99 €","5,20 €/kg",https://www.carrefour.es/supermercado/yogur-natural-danone-pack-de-8-unidades-de-120-g-danone/R-521029389/p
La-despensa,Batido de chocolate Puleva pack de 6 briks de 200 ml.,"0,22 €","1,66 €/l",https://www.carrefour.es/supermercado/yogur-natural-danone-pack-de-8-unidades-de-120-g-danone/R-521029389/p
La-despensa,Sal marina gruesa Carrefour 1 kg.,"1,20 €","0,22 €/kg",https://www.carrefour.es/supermercado/promocion?promoId=promof2550007
La-despensa,Pelotazos sabor queso Cheetos sin gluten 130 g.,"0,80 €","9,23 €/kg",https://www.carrefour.es/supermercado/aceitunas-negras-cacerenas-sin-hueso-carrefour-150-g/R-VC4AECOMM-488032/p
La-despensa,Pizza 4 quesos Ristorante Dr. Oetker 340 g.,"2,78 €","10,21 €/kg",https://www.carrefour.es/supermercado/aceitunas-negras-cacerenas-sin-hueso-carrefour-150-g/R-VC4AECOMM-488032/p
La-despensa,Tomate frito Carrefour pack de 3 briks de 215 g.,"1,67 €","1,24 €/kg",https://www.carrefour.es/supermercado/batido-de-chocolate-puleva-pack-de-6-briks-de-200-ml-puleva/R-520661189/p
La-despensa,"Yogur de fresa, macedonia, galleta y fresa-plántano Danone sin gluten pack de 12 unidades de 120 g.","2,45 €","1,93 €/kg",https://www.carrefour.es/supermercado/batido-de-chocolate-puleva-pack-de-6-briks-de-200-ml-puleva/R-520661189/p
La-despensa,"Leche entera Central Lechera Asturiana botella 2,2 l.","0,90 €","0,76 €/l",https://www.carrefour.es/supermercado/sal-marina-gruesa-carrefour-1-kg-carrefour/R-521005136/p
La-despensa,Galletas Choco Flakes Cuétara 550 g.,"1,89 €","4,45 €/kg",https://www.carrefour.es/supermercado/sal-marina-gruesa-carrefour-1-kg-carrefour/R-521005136/p
La-despensa,Yogur griego de fresa Carrefour pack de 4 unidades de 125 g.,"4,99 €","1,80 €/kg",https://www.carrefour.es/supermercado/pelotazos-sabor-queso-cheetos-sin-gluten-130-g-cheetos/R-521012897/p
La-despensa,Yogur bífidus desnatado cremoso de vainilla de madagascar Danone Activia pack de 4 unidades de 120 g.,"3,10 €","3,94 €/kg",https://www.carrefour.es/supermercado/pelotazos-sabor-queso-cheetos-sin-gluten-130-g-cheetos/R-521012897/p
La-despensa,Aceite de oliva virgen extra Hojiblanca 1 l.,"2,34 €","4,99 €/l",https://www.carrefour.es/supermercado/HuchaPromocion?promoId=huchaDisc420005
La-despensa,Atún en aceite de girasol pack de 6 latas de 52 g.,"0,85 €","9,94 €/kg",https://www.carrefour.es/supermercado/pizza-4-quesos-ristorante-dr-oetker-340-g-dr-oetker-ristorante/R-521035317/p
La-despensa,Mantequilla tradicional Central Lechera Asturiana 250 g.,"1,04 €","9,36 €/kg",https://www.carrefour.es/supermercado/pizza-4-quesos-ristorante-dr-oetker-340-g-dr-oetker-ristorante/R-521035317/p
La-despensa,Copa de chocolate con nata Carrefour pack de 4 unidades de 115 g.,"1,89 €","1,85 €/kg",https://www.carrefour.es/supermercado/promocion?promoId=promof2530111
La-despensa,Bebida de almendras tostadas sin azúcar Alpro Central Lechera Asturiana brik 1 l.,"0,58 €","1,04 €/l",https://www.carrefour.es/supermercado/tomate-frito-carrefour-pack-de-3-briks-de-215-g-carrefour/R-767407260/p
La-despensa,Champiñones laminados Carrefour pack de 3 unidades de 115 g.,"0,93 €","5,48 €/kg",https://www.carrefour.es/supermercado/tomate-frito-carrefour-pack-de-3-briks-de-215-g-carrefour/R-767407260/p
La-despensa,Lenteja cocida categoría extra Carrefour 400 g.,"0,68 €","1,45 €/kg",https://www.carrefour.es/supermercado/yogur-de-fresa-macedonia-galleta-y-fresa-plantano-danone-sin-gluten-pack-de-12-unidades-de-120-g-danone/R-780685855/p
La-despensa,Yogur azucarado natural Carrefour pack de 8 unidades de 125 g.,"1,89 €","0,93 €/kg",https://www.carrefour.es/supermercado/yogur-de-fresa-macedonia-galleta-y-fresa-plantano-danone-sin-gluten-pack-de-12-unidades-de-120-g-danone/R-780685855/p
La-despensa,Tomate natural triturado extra Apis 410 g.,"0,99 €","1,70 €/kg",https://www.carrefour.es/supermercado/promocion?promoId=promof2550007
La-despensa,Patatas fritas churrería en aceite de girasol Carrefour pack de 2 bolsas de 150 g.,"1,29 €","4,30 €/kg",https://www.carrefour.es/supermercado/patatas-fritas-churreria-en-aceite-de-girasol-carrefour-pack-de-2-bolsas-de-150-g-carrefour/R-796400335/p
La-despensa,Fideuá Carrefour 500 g.,"0,47 €","0,94 €/kg",https://www.carrefour.es/supermercado/patatas-fritas-churreria-en-aceite-de-girasol-carrefour-pack-de-2-bolsas-de-150-g-carrefour/R-796400335/p
La-despensa,Estrellas Carrefour 500 g.,"0,69 €","1,38 €/kg",https://www.carrefour.es/supermercado/fideua-carrefour-500-g-carrefour/R-544101804/p
La-despensa,Pistachos tostados sin sal añadida Carrefour 150 g.,"1,80 €","12,00 €/kg",https://www.carrefour.es/supermercado/fideua-carrefour-500-g-carrefour/R-544101804/p
La-despensa,Yogur de limón Danone sin gluten pack de 4 unidades de 120 g.,"0,80 €","2,00 €/kg",https://www.carrefour.es/supermercado/estrellas-carrefour-500-g-carrefour/R-786165654/p
La-despensa,Galletas rellenas de crema de chocolate Mega Carrefour 500 g.,"1,70 €","1,60 €/kg",https://www.carrefour.es/supermercado/estrellas-carrefour-500-g-carrefour/R-786165654/p
La-despensa,Salsa de tomate De la Abuela Carrefour tarro 580 g.,"4,15 €","3,09 €/kg",https://www.carrefour.es/supermercado/pistachos-tostados-sin-sal-anadida-carrefour-150-g-carrefour/R-prod800302/p
La-despensa,Pizza prosciutto Ristorante Dr. Oetker 330 g.,"4,77 €","10,52 €/kg",https://www.carrefour.es/supermercado/pistachos-tostados-sin-sal-anadida-carrefour-150-g-carrefour/R-prod800302/p
La-despensa,Leche entera ecológica Carrefour Bio brik 1 l.,"1,89 €","0,94 €/l",https://www.carrefour.es/supermercado/yogur-de-limon-danone-sin-gluten-pack-de-4-unidades-de-120-g-danone/R-521029422/p
La-despensa,Leche desnatada Central Lechera Asturiana sin lactosa brik 1 l.,"0,69 €","0,89 €/l",https://www.carrefour.es/supermercado/yogur-de-limon-danone-sin-gluten-pack-de-4-unidades-de-120-g-danone/R-521029422/p
La-despensa,"Cacao soluble original Cola Cao 760 g,","2,26 €","5,46 €/kg",https://www.carrefour.es/supermercado/galletas-rellenas-de-crema-de-chocolate-mega-carrefour-500-g-carrefour/R-prod224299/p
La-despensa,Pistachos tostados y saldaos Carrefour 400 g.,"0,70 €","11,93 €/kg",https://www.carrefour.es/supermercado/galletas-rellenas-de-crema-de-chocolate-mega-carrefour-500-g-carrefour/R-prod224299/p
La-despensa,Leche entera Président brik 1 l.,"0,54 €","0,63 €/l",https://www.carrefour.es/supermercado/salsa-de-tomate-de-la-abuela-carrefour-tarro-580-g-carrefour/R-824302027/p
La-despensa,Yogur bífidus desnatado cremoso de mango Danone Activia pack de 4 unidades de 120 g.,"0,80 €","3,94 €/kg",https://www.carrefour.es/supermercado/salsa-de-tomate-de-la-abuela-carrefour-tarro-580-g-carrefour/R-824302027/p
La-despensa,Yogur de fresa Danone pack sin gluten de 4 unidades de 120 g.,"0,88 €","2,00 €/kg",https://www.carrefour.es/supermercado/pizza-prosciutto-ristorante-dr-oetker-330-g-dr-oetker-ristorante/R-521035311/p
La-despensa,Natillas de chocolate Carrefour pack de 4 unidades de 125 g.,"1,39 €","1,38 €/kg",https://www.carrefour.es/supermercado/pizza-prosciutto-ristorante-dr-oetker-330-g-dr-oetker-ristorante/R-521035311/p
La-despensa,Aceitunas verdes rellenas de anchoa nueva receta Carrefour pack de 6 latas de 50 g,"0,99 €","7,53 €/kg",https://www.carrefour.es/supermercado/promocion?promoId=promof2530111
La-despensa,Arroz basmati para microondas Brillante pack de 2 ud. de 125 g.,"1,15 €","4,60 €/kg",https://www.carrefour.es/supermercado/arroz-basmati-para-microondas-brillante-pack-de-2-ud-de-125-g-brillante/R-521005542/p
La-despensa,Harina de trigo de fuerza Carrefour 1 kg.,"0,76 €","0,76 €/kg",https://www.carrefour.es/supermercado/arroz-basmati-para-microondas-brillante-pack-de-2-ud-de-125-g-brillante/R-521005542/p
La-despensa,Caldo casero de cocido Gallina Blanca pack de 2 briks de 1 l.,"3,26 €","1,63 €/l",https://www.carrefour.es/supermercado/harina-de-trigo-de-fuerza-carrefour-1-kg-carrefour/R-prod540136/p
La-despensa,Leche semidesnatada ecológica Carrefour Bio brik 1 l.,"1,70 €","0,94 €/l",https://www.carrefour.es/supermercado/harina-de-trigo-de-fuerza-carrefour-1-kg-carrefour/R-prod540136/p
La-despensa,Guisantes muy finos Carrefour pack de 3 unidades de 140 g.,"0,99 €","4,05 €/kg",https://www.carrefour.es/supermercado/caldo-casero-de-cocido-gallina-blanca-pack-de-2-briks-de-1-l-gallina-blanca/R-829518691/p
La-despensa,Caldo natural de pollo Aneto sin gluten pack de 2 briks de 1 l.,"1,09 €","3,10 €/l",https://www.carrefour.es/supermercado/caldo-casero-de-cocido-gallina-blanca-pack-de-2-briks-de-1-l-gallina-blanca/R-829518691/p
La-despensa,Nachos sabor queso Doritos Tex mex 280 g.,"2,15 €","9,14 €/kg",https://www.carrefour.es/supermercado/leche-semidesnatada-ecologica-carrefour-bio-brik-1-l-carrefour-bio/R-521007018/p
La-despensa,Nata para cocinar líquida ligera Carrefour 500 ml.,"1,92 €","1,98 €/l",https://www.carrefour.es/supermercado/leche-semidesnatada-ecologica-carrefour-bio-brik-1-l-carrefour-bio/R-521007018/p
La-despensa,Petit de fresa y plátano Danonino sin gluten pack de 6 unidades de 50 g.,"1,20 €","3,63 €/kg",https://www.carrefour.es/supermercado/guisantes-muy-finos-carrefour-pack-de-3-unidades-de-140-g-carrefour/R-671301882/p
La-despensa,Kétchup Heinz envase 570 g.,"0,75 €","3,77 €/kg",https://www.carrefour.es/supermercado/guisantes-muy-finos-carrefour-pack-de-3-unidades-de-140-g-carrefour/R-671301882/p
La-despensa,Mayonesa Hellmann's tarro 650 ml.,"1,21 €","2,95 €/l",https://www.carrefour.es/supermercado/caldo-natural-de-pollo-aneto-sin-gluten-pack-de-2-briks-de-1-l-aneto/R-646002043/p
La-despensa,Pandilla sabor queso Cheetos 75 g.,"4,50 €","16,00 €/kg",https://www.carrefour.es/supermercado/caldo-natural-de-pollo-aneto-sin-gluten-pack-de-2-briks-de-1-l-aneto/R-646002043/p
La-despensa,Kétchup Carrefour envase 560 g.,"1,47 €","1,34 €/kg",https://www.carrefour.es/supermercado/HuchaPromocion?promoId=huchaDisc420022
La-despensa,Harina de trigo de fuerza Gallo 1 kg.,"2,64 €","1,21 €/kg",https://www.carrefour.es/supermercado/nachos-sabor-queso-doritos-tex-mex-280-g-doritos/R-521003753/p
La-despensa,Yogur griego con stracciatella Danone Oikos sin gluten pack de 4 unidades de 110 g.,"1,35 €","4,52 €/kg",https://www.carrefour.es/supermercado/nachos-sabor-queso-doritos-tex-mex-280-g-doritos/R-521003753/p
La-despensa,Galletas rellenas de crema de chocolate Príncipe pack de 3 unidades de 300 g.,"0,73 €","5,00 €/kg",https://www.carrefour.es/supermercado/nata-para-cocinar-liquida-ligera-carrefour-500-ml-carrefour/R-fprod1270051/p
La-despensa,Bebida de avena YoSoy brik 1 l.,"0,55 €","1,47 €/l",https://www.carrefour.es/supermercado/nata-para-cocinar-liquida-ligera-carrefour-500-ml-carrefour/R-fprod1270051/p
La-despensa,Pizza de jamón y queso Casa Tarradellas 405 g.,"0,68 €","6,52 €/kg",https://www.carrefour.es/supermercado/petit-de-fresa-y-platano-danonino-sin-gluten-pack-de-6-unidades-de-50-g-danone-danonino/R-702201839/p
La-despensa,Tomate frito Hida sin gluten y sin lactosa lata 350 g.,"1,09 €","3,11 €/kg",https://www.carrefour.es/supermercado/tomate-frito-hida-sin-gluten-y-sin-lactosa-lata-350-g-hida/R-521005178/p
La-despensa,Chocolate con leche extrafino Nestlé pack de 3 tabletas de 125 g.,"2,70 €","7,20 €/kg",https://www.carrefour.es/supermercado/tomate-frito-hida-sin-gluten-y-sin-lactosa-lata-350-g-hida/R-521005178/p
La-despensa,Aceitunas verdes rellenas de anchoa La Española 150 g.,"0,99 €","9,40 €/kg",https://www.carrefour.es/supermercado/chocolate-con-leche-extrafino-nestle-pack-de-3-tabletas-de-125-g-nestle/R-prod221189/p
La-despensa,Huevos M Carrefour 30 ud.,"1,58 €","1,10 €/docena",https://www.carrefour.es/supermercado/chocolate-con-leche-extrafino-nestle-pack-de-3-tabletas-de-125-g-nestle/R-prod221189/p
La-despensa,Aceite de girasol Koipesol 1 l.,"0,99 €","1,69 €/l",https://www.carrefour.es/supermercado/aceitunas-verdes-rellenas-de-anchoa-la-espanola-150-g-la-espanola/R-700809320/p
La-despensa,Flan de huevo al baño María Carrefour pack de 4 unidades de 100 g.,"2,78 €","2,47 €/kg",https://www.carrefour.es/supermercado/aceitunas-verdes-rellenas-de-anchoa-la-espanola-150-g-la-espanola/R-700809320/p
La-despensa,Sopa de pollo con fideos finos Gallina Blanca pack de 3 sobres de 71 g.,"0,99 €","7,42 €/kg",https://www.carrefour.es/supermercado/HuchaPromocion?promoId=huchaDisc420004
La-despensa,Batido de cacao Carrefour sin gluten pack de 6 briks de 200 ml.,"2,39 €","0,83 €/l",https://www.carrefour.es/supermercado/huevos-m-carrefour-30-ud-carrefour/R-536500235/p
La-despensa,Natillas de vainilla Danone Danet sin gluten pack de 8 unidades de 120 g.,"0,51 €","2,90 €/kg",https://www.carrefour.es/supermercado/huevos-m-carrefour-30-ud-carrefour/R-536500235/p
La-despensa,Café molido natural Carrefour 250 g.,"3,17 €","3,96 €/kg",https://www.carrefour.es/supermercado/aceite-de-girasol-koipesol-1-l-koipesol/R-531704973/p
La-despensa,Palomitas saladas para microondas Borges sin gluten y sin lactosa pack de 3 bolsas de 100 g.,"0,48 €","7,97 €/kg",https://www.carrefour.es/supermercado/aceite-de-girasol-koipesol-1-l-koipesol/R-531704973/p
La-despensa,Ajo granulado Carrefour 55 g.,"3,99 €","9,27 €/kg",https://www.carrefour.es/supermercado/HuchaPromocion?promoId=huchaDisc420002
La-despensa,Pizza de jamón y queso fina y crujiente Forno Di Pietra Buitoni 350 g.,"1,09 €","9,06 €/kg",https://www.carrefour.es/supermercado/flan-de-huevo-al-bano-maria-carrefour-pack-de-4-unidades-de-100-g-carrefour/R-521029829/p
La-despensa,Orégano Carrefour 11 g.,"0,94 €","43,64 €/kg",https://www.carrefour.es/supermercado/flan-de-huevo-al-bano-maria-carrefour-pack-de-4-unidades-de-100-g-carrefour/R-521029829/p
La-despensa,"Aceite de oliva suave 0,4º Carbonell 1 l.","1,39 €","3,99 €/l",https://www.carrefour.es/supermercado/sopa-de-pollo-con-fideos-finos-gallina-blanca-pack-de-3-sobres-de-71-g-gallina-blanca/R-521005744/p
La-despensa,Varitas merluza enriquecidas Pescanova 450 g.,"2,66 €","6,56 €/kg",https://www.carrefour.es/supermercado/sopa-de-pollo-con-fideos-finos-gallina-blanca-pack-de-3-sobres-de-71-g-gallina-blanca/R-521005744/p
La-despensa,Cortezas de trigo Boca Bits Matutano 84 g.,"2,20 €","16,55 €/kg",https://www.carrefour.es/supermercado/batido-de-cacao-carrefour-sin-gluten-pack-de-6-briks-de-200-ml-carrefour/R-819256514/p
La-despensa,Petit de fresa Danonino sin gluten pack de 6 unidades de 50 g.,"1,44 €","3,63 €/kg",https://www.carrefour.es/supermercado/batido-de-cacao-carrefour-sin-gluten-pack-de-6-briks-de-200-ml-carrefour/R-819256514/p
La-despensa,Tomate frito con aceite de oliva virgen extra Carrefour pack de 3 briks de 215 g.,"1,40 €","1,46 €/kg",https://www.carrefour.es/supermercado/natillas-de-vainilla-danone-danet-sin-gluten-pack-de-8-unidades-de-120-g-danone-danet/R-521029852/p
La-despensa,Tomate frito ecológico Carrefour Bio 300 g.,"0,99 €","3,30 €/kg",https://www.carrefour.es/supermercado/tomate-frito-ecologico-carrefour-bio-300-g-carrefour-bio/R-fprod1270207/p
La-despensa,Galletas con pepitas de chocolate Minis Chips Ahoy 160 g.,"1,45 €","9,06 €/kg",https://www.carrefour.es/supermercado/tomate-frito-ecologico-carrefour-bio-300-g-carrefour-bio/R-fprod1270207/p
La-despensa,Galletas Digestive Carrefour 800 g.,"1,10 €","1,37 €/kg",https://www.carrefour.es/supermercado/galletas-con-pepitas-de-chocolate-minis-chips-ahoy-160-g-chips-ahoy/R-521002816/p
La-despensa,"Cacao soluble instantáneo Nestlé Nesquik sin gluten y sin lactosa bolsa de 1,5 kg.","5,99 €","3,99 €/kg",https://www.carrefour.es/supermercado/galletas-con-pepitas-de-chocolate-minis-chips-ahoy-160-g-chips-ahoy/R-521002816/p
La-despensa,Maíz tierno dulce Bonduelle pack de 3 unidades de 140 g.,"2,55 €","6,07 €/kg",https://www.carrefour.es/supermercado/galletas-digestive-carrefour-800-g-carrefour/R-596701895/p
La-despensa,Galletas con pepitas de chocolate Chips Ahoy 400 g.,"0,99 €","8,67 €/kg",https://www.carrefour.es/supermercado/galletas-digestive-carrefour-800-g-carrefour/R-596701895/p
La-despensa,Galletas Carrefour 700 g.,"1,99 €","1,41 €/kg",https://www.carrefour.es/supermercado/cacao-soluble-instantaneo-nestle-nesquik-sin-gluten-y-sin-lactosa-bolsa-de-1-5-kg-nestle-nesquik/R-617901927/p
La-despensa,Nuggets de pollo congelados 500 g.,"2,25 €","3,98 €/kg",https://www.carrefour.es/supermercado/cacao-soluble-instantaneo-nestle-nesquik-sin-gluten-y-sin-lactosa-bolsa-de-1-5-kg-nestle-nesquik/R-617901927/p
La-despensa,Arroz tres delicias Carrefour 1 kg.,"0,80 €","2,25 €/kg",https://www.carrefour.es/supermercado/maiz-tierno-dulce-bonduelle-pack-de-3-unidades-de-140-g-bonduelle/R-521029260/p
La-despensa,Yogur desnatado con trozos de frutas del bosque sin azúcar añadido Carrefour pack de 4 unidades de 125 g.,"3,59 €","1,60 €/kg",https://www.carrefour.es/supermercado/maiz-tierno-dulce-bonduelle-pack-de-3-unidades-de-140-g-bonduelle/R-521029260/p
La-despensa,Cereales integrales Chocapic Nestlé 750 g.,"0,89 €","4,79 €/kg",https://www.carrefour.es/supermercado/galletas-con-pepitas-de-chocolate-chips-ahoy-400-g-chips-ahoy/R-521029020/p
La-despensa,Yogur de macedonia Danone sin gluten pack de 4 unidades de 120 g.,"4,79 €","2,08 €/kg",https://www.carrefour.es/supermercado/galletas-con-pepitas-de-chocolate-chips-ahoy-400-g-chips-ahoy/R-521029020/p
La-despensa,Lenteja cocida categoría extra Luengo 400 g.,"1,13 €","2,22 €/kg",https://www.carrefour.es/supermercado/galletas-carrefour-700-g-carrefour/R-521002678/p
La-despensa,Café molido mezcla Gran Aroma Marcilla 500 g.,"0,65 €","9,58 €/kg",https://www.carrefour.es/supermercado/galletas-carrefour-700-g-carrefour/R-521002678/p
La-despensa,Harina de trigo repostería Gallo 1 kg.,"0,90 €","1,13 €/kg",https://www.carrefour.es/supermercado/nuggets-de-pollo-congelados-500-g-producto-blanco/R-538408101/p
La-despensa,Vinagre de manzana Carrefour 1 l.,"3,06 €","0,65 €/l",https://www.carrefour.es/supermercado/nuggets-de-pollo-congelados-500-g-producto-blanco/R-538408101/p
La-despensa,judías verde redondas Ybarra 360 g.,"2,39 €","2,50 €/kg",https://www.carrefour.es/supermercado/arroz-tres-delicias-carrefour-1-kg-carrefour/R-531705215/p
La-despensa,Yogur de coco Danone sin gluten pack de 4 unidades de 120 g.,"1,86 €","2,00 €/kg",https://www.carrefour.es/supermercado/arroz-tres-delicias-carrefour-1-kg-carrefour/R-531705215/p
La-despensa,Bebida de avena calcio sin azucar añadido Carrefour brik 1 l.,"0,57 €","0,99 €/l",https://www.carrefour.es/supermercado/bebida-de-avena-calcio-sin-azucar-anadido-carrefour-brik-1-l/R-VC4AECOMM-554220/p
La-despensa,Tomate de Navarra pelado troceado Carrefour 390 g.,"4,49 €","1,46 €/kg",https://www.carrefour.es/supermercado/bebida-de-avena-calcio-sin-azucar-anadido-carrefour-brik-1-l/R-VC4AECOMM-554220/p
La-despensa,Atún claro en aceite de girasol Carrefour pack de 8 latas de 52 g.,"0,70 €","10,79 €/kg",https://www.carrefour.es/supermercado/promocion?promoId=promof2530073
La-despensa,Leche semidesnatada con calcio Carrefour brik 1 l.,"1,85 €","0,70 €/l",https://www.carrefour.es/supermercado/tomate-de-navarra-pelado-troceado-carrefour-390-g-carrefour/R-521005888/p
La-despensa,Huevos L suelo El Granjero 12 ud.,"1,39 €","1,85 €/docena",https://www.carrefour.es/supermercado/tomate-de-navarra-pelado-troceado-carrefour-390-g-carrefour/R-521005888/p
La-despensa,Yogur líquido sabor fresa Danone Actimel kids sin gluten pack de 14 unidades de 100 g.,"2,05 €","4,14 €/kg",https://www.carrefour.es/supermercado/atun-claro-en-aceite-de-girasol-carrefour-pack-de-8-latas-de-52-g-carrefour/R-prod820091/p
La-despensa,Bebida láctea desnatada Omega 3 Puleva brik 1.,"3,06 €","1,39 €/l",https://www.carrefour.es/supermercado/atun-claro-en-aceite-de-girasol-carrefour-pack-de-8-latas-de-52-g-carrefour/R-prod820091/p
La-despensa,Galletas María Fontaneda 800 g.,"2,64 €","2,56 €/kg",https://www.carrefour.es/supermercado/leche-semidesnatada-con-calcio-carrefour-brik-1-l-carrefour/R-521007000/p
La-despensa,Yogur bífidus desnatado natural Danone Activia pack de 8 unidades de 120 g.,"1,29 €","3,06 €/kg",https://www.carrefour.es/supermercado/leche-semidesnatada-con-calcio-carrefour-brik-1-l-carrefour/R-521007000/p
La-despensa,Pizza 4 quesos Casa Tarradellas 390 g.,"1,39 €","6,77 €/kg",https://www.carrefour.es/supermercado/huevos-l-suelo-el-granjero-12-ud-el-granjero/R-prod291066/p
La-despensa,Tallarines Gallo 750 g.,"1,39 €","1,72 €/kg",https://www.carrefour.es/supermercado/huevos-l-suelo-el-granjero-12-ud-el-granjero/R-prod291066/p
La-despensa,Corazones de alcachofa 8/10 Carrefour 240 g.,"1,06 €","5,79 €/kg",https://www.carrefour.es/supermercado/yogur-liquido-sabor-fresa-danone-actimel-kids-sin-gluten-pack-de-14-unidades-de-100-g-danone-actimel/R-521029675/p
La-despensa,Maíz para palomitas Carrefour 500 g.,"4,95 €","2,78 €/kg",https://www.carrefour.es/supermercado/yogur-liquido-sabor-fresa-danone-actimel-kids-sin-gluten-pack-de-14-unidades-de-100-g-danone-actimel/R-521029675/p
La-despensa,Mejillones en escabeche sin gluten y sin lactosa pack de 3 unidades de 78 g.,"1,20 €","8,22 €/kg",https://www.carrefour.es/supermercado/promocion?promoId=promof2530077
La-despensa,Aceite de oliva virgen extra Dcoop 1 l.,"0,85 €","4,95 €/l",https://www.carrefour.es/supermercado/bebida-lactea-desnatada-omega-3-puleva-brik-1-puleva/R-521007052/p
La-despensa,Sardinillas en aceite de oliva Carrefour pack de 2 unidades de 65 g.,"1,95 €","9,23 €/kg",https://www.carrefour.es/supermercado/bebida-lactea-desnatada-omega-3-puleva-brik-1-puleva/R-521007052/p
La-despensa,Nachos sabor clásico Carrefour sin gluten 150 g.,"4,79 €","5,67 €/kg",https://www.carrefour.es/supermercado/galletas-maria-fontaneda-800-g-fontaneda/R-530363078/p
La-despensa,Yogur griego natural Carrefour 1 kg.,"0,94 €","1,95 €/kg",https://www.carrefour.es/supermercado/galletas-maria-fontaneda-800-g-fontaneda/R-530363078/p
La-despensa,Aceite de oliva virgen extra Carbonell 1 l.,"3,70 €","4,79 €/l",https://www.carrefour.es/supermercado/yogur-bifidus-desnatado-natural-danone-activia-pack-de-8-unidades-de-120-g-danone-activia/R-521029594/p
La-despensa,Gusanitos Risi sin gluten 85 g.,"5,05 €","11,06 €/kg",https://www.carrefour.es/supermercado/yogur-bifidus-desnatado-natural-danone-activia-pack-de-8-unidades-de-120-g-danone-activia/R-521029594/p
La-despensa,Atún en aceite de oliva pack de 6 latas de 52 g.,"1,09 €","11,86 €/kg",https://www.carrefour.es/supermercado/promocion?promoId=promof2550007
La-despensa,Macarrones integrales Carrefour 500 g.,"0,82 €","1,64 €/kg",https://www.carrefour.es/supermercado/macarrones-integrales-carrefour-500-g-carrefour/R-521008433/p
La-despensa,Macarrones plumas nº3 Gallo 500 g.,"0,95 €","1,90 €/kg",https://www.carrefour.es/supermercado/macarrones-integrales-carrefour-500-g-carrefour/R-521008433/p
La-despensa,Mantequilla ecológica Carrefour Bio 250 g.,"1,99 €","7,96 €/kg",https://www.carrefour.es/supermercado/macarrones-plumas-n3-gallo-500-g-gallo/R-546305916/p
La-despensa,Pizza Caprese fina y crujiente Forno Di Pietra Buitoni 350 g.,"3,17 €","9,06 €/kg",https://www.carrefour.es/supermercado/macarrones-plumas-n3-gallo-500-g-gallo/R-546305916/p
La-despensa,Patatas fritas onduladas sabor jamón Ruffles 160 g.,"1,48 €","9,25 €/kg",https://www.carrefour.es/supermercado/mantequilla-ecologica-carrefour-bio-250-g-carrefour-bio/R-521030158/p
La-despensa,"Aceite de oliva 0,4º La Masía 1 l.","2,99 €","2,99 €/l",https://www.carrefour.es/supermercado/mantequilla-ecologica-carrefour-bio-250-g-carrefour-bio/R-521030158/p
La-despensa,Café molido mezcla Carrefour 250 g.,"1,15 €","4,60 €/kg",https://www.carrefour.es/supermercado/pizza-caprese-fina-y-crujiente-forno-di-pietra-buitoni-350-g-buitoni/R-527031592/p
La-despensa,Caldo casero de verduras Gallina Blanca pack de 2 briks de 1 l.,"0,93 €","1,60 €/l",https://www.carrefour.es/supermercado/pizza-caprese-fina-y-crujiente-forno-di-pietra-buitoni-350-g-buitoni/R-527031592/p
La-despensa,San Jacobos 360 g.,"1,62 €","2,58 €/kg",https://www.carrefour.es/supermercado/promocion?promoId=promof2530067
La-despensa,Arroz redondo Brillante Sabroz 1 kg.,"0,99 €","1,62 €/kg",https://www.carrefour.es/supermercado/patatas-fritas-onduladas-sabor-jamon-ruffles-160-g/R-VC4AECOMM-468411/p
La-despensa,Leche desnatada Président brik 1 l.,"0,99 €","0,63 €/l",https://www.carrefour.es/supermercado/patatas-fritas-onduladas-sabor-jamon-ruffles-160-g/R-VC4AECOMM-468411/p
La-despensa,Caldo de pescado Carrefour sin gluten 1 l.,"2,89 €","0,99 €/l",https://www.carrefour.es/supermercado/aceite-de-oliva-0-4-la-masia-1-l-la-masia/R-520660263/p
La-despensa,Pimiento rojo en tiras Carrefour pack de 3 latas de 60 g.,"3,70 €","5,50 €/kg",https://www.carrefour.es/supermercado/aceite-de-oliva-0-4-la-masia-1-l-la-masia/R-520660263/p
La-despensa,"Yogur de fresa, macedonia, plátano y vainilla Danone sin gluten pack de 12 unidades de 120 g.","1,99 €","2,01 €/kg",https://www.carrefour.es/supermercado/cafe-molido-mezcla-carrefour-250-g-carrefour/R-521003035/p
La-despensa,Arroz bomba categoría extra La Fallera 1 kg.,"1,99 €","3,70 €/kg",https://www.carrefour.es/supermercado/cafe-molido-mezcla-carrefour-250-g-carrefour/R-521003035/p
La-despensa,Yogur de sabores Danone sin gluten pack de 8 unidades de 120 g.,"0,80 €","1,99 €/kg",https://www.carrefour.es/supermercado/caldo-casero-de-verduras-gallina-blanca-pack-de-2-briks-de-1-l-gallina-blanca/R-fprod1410034/p
La-despensa,Yogur líquido de fresa Danonino sin gluten pack de 4 bolsitas de 70 g.,"1,10 €","7,11 €/kg",https://www.carrefour.es/supermercado/caldo-casero-de-verduras-gallina-blanca-pack-de-2-briks-de-1-l-gallina-blanca/R-fprod1410034/p
La-despensa,Galletas tostadas Carrefour 800 g.,"1,59 €","1,00 €/kg",https://www.carrefour.es/supermercado/HuchaPromocion?promoId=huchaDisc420031
La-despensa,Arroz integral para microondas Brillante pack de 2 unidades de 125 g.,"0,99 €","4,40 €/kg",https://www.carrefour.es/supermercado/san-jacobos-360-g-producto-blanco/R-531705213/p
La-despensa,Arroz largo vaporizado Brillante 1 kg.,"3,90 €","1,59 €/kg",https://www.carrefour.es/supermercado/san-jacobos-360-g-producto-blanco/R-531705213/p
La-despensa,Mayonesa con aceite de girasol Carrefour tarro 450 ml.,"1,69 €","2,32 €/kg",https://www.carrefour.es/supermercado/arroz-redondo-brillante-sabroz-1-kg-brillante/R-624601818/p
La-despensa,Mantequilla tradicional Central Lechera Asturiana 500 g.,"0,82 €","7,80 €/kg",https://www.carrefour.es/supermercado/arroz-redondo-brillante-sabroz-1-kg-brillante/R-624601818/p
La-despensa,Yogur semidesnatado líquido de fresa y plátano Carrefour 1 kg.,"1,16 €","1,16 €/kg",https://www.carrefour.es/supermercado/yogur-semidesnatado-liquido-de-fresa-y-platano-carrefour-1-kg-carrefour/R-prod300427/p
La-despensa,Guisantes muy finos Carrefour 250 g.,"0,57 €","2,28 €/kg",https://www.carrefour.es/supermercado/yogur-semidesnatado-liquido-de-fresa-y-platano-carrefour-1-kg-carrefour/R-prod300427/p
La-despensa,Arroz basmati Carrefour 1 kg.,"2,07 €","2,07 €/kg",https://www.carrefour.es/supermercado/promocion?promoId=promof2530093
La-despensa,Cereales de arroz con chocolate Choco Krispies Kellogg's 450 g.,"1,38 €","5,78 €/kg",https://www.carrefour.es/supermercado/guisantes-muy-finos-carrefour-250-g-carrefour/R-758904356/p
La-despensa,Patatas fritas extracrujientes Selección Carrefour sin gluten y sin lactosa 150 g.,"0,99 €","9,20 €/kg",https://www.carrefour.es/supermercado/guisantes-muy-finos-carrefour-250-g-carrefour/R-758904356/p
La-despensa,Croquetas de jamón Carrefour 500 g.,"1,45 €","1,98 €/kg",https://www.carrefour.es/supermercado/arroz-basmati-carrefour-1-kg-carrefour/R-prod210853/p
La-despensa,Galletas rellenas de crema de chocolate Mini Príncipe 160 g.,"1,73 €","9,06 €/kg",https://www.carrefour.es/supermercado/arroz-basmati-carrefour-1-kg-carrefour/R-prod210853/p
La-despensa,Arroz integral Sos 1 kg.,"0,89 €","1,73 €/kg",https://www.carrefour.es/supermercado/cereales-de-arroz-con-chocolate-choco-krispies-kelloggs-450-g-kelloggs-choco-krispies/R-521003268/p
La-despensa,Alubia cocida categoría extra Luengo 400 g.,"1,65 €","2,22 €/kg",https://www.carrefour.es/supermercado/cereales-de-arroz-con-chocolate-choco-krispies-kelloggs-450-g-kelloggs-choco-krispies/R-521003268/p
La-despensa,Cereales de leche Carrefour 500 g.,"1,45 €","3,30 €/kg",https://www.carrefour.es/supermercado/promocion?promoId=promof2530094
La-despensa,Galletas de chocolate rellenas de crema Mini Oreo pack de 4 unidades de 40 g.,"3,85 €","9,06 €/kg",https://www.carrefour.es/supermercado/patatas-fritas-extracrujientes-seleccion-carrefour-sin-gluten-y-sin-lactosa-150-g-carrefour-seleccion/R-540201778/p
La-despensa,Yogur natural con leche pasteurizada ecológica Carrefour Bio pack de 12 unidades de 125 g.,"0,79 €","2,57 €/kg",https://www.carrefour.es/supermercado/patatas-fritas-extracrujientes-seleccion-carrefour-sin-gluten-y-sin-lactosa-150-g-carrefour-seleccion/R-540201778/p
La-despensa,Macarrón integral ecológico Carrefour Bio 500 g.,"1,99 €","1,58 €/kg",https://www.carrefour.es/supermercado/croquetas-de-jamon-carrefour-500-g-carrefour/R-521031352/p
La-despensa,Pizza de jamón y queso Carrefour 400 g.,"2,40 €","4,97 €/kg",https://www.carrefour.es/supermercado/croquetas-de-jamon-carrefour-500-g-carrefour/R-521031352/p
La-despensa,Mantequilla ligera Central Lechera Asturiana 250 g.,"1,09 €","9,60 €/kg",https://www.carrefour.es/supermercado/galletas-rellenas-de-crema-de-chocolate-mini-principe-160-g-principe/R-528412612/p
La-despensa,Arroz redondo para microondas Brillante pack de 2 ud. de 125 g.,"0,75 €","4,36 €/kg",https://www.carrefour.es/supermercado/galletas-rellenas-de-crema-de-chocolate-mini-principe-160-g-principe/R-528412612/p
La-despensa,Leche entera Carrefour sin lactosa brik 1 l.,"0,95 €","0,75 €/l",https://www.carrefour.es/supermercado/arroz-integral-sos-1-kg-sos/R-696810961/p
La-despensa,Yogur bífidus desnatado con trozos de melocotón y maracuyá sin azúcar añadido Carrefour pack de 4 unidades de 125 g.,"1,22 €","1,90 €/kg",https://www.carrefour.es/supermercado/arroz-integral-sos-1-kg-sos/R-696810961/p
La-despensa,Lenteja castellana categoría extra Carrefour 1 kg.,"1,99 €","1,22 €/kg",https://www.carrefour.es/supermercado/alubia-cocida-categoria-extra-luengo-400-g-luengo/R-546305860/p
La-despensa,Patatas fritas corte fino gourmet Lay's 150 g.,"2,35 €","15,20 €/kg",https://www.carrefour.es/supermercado/alubia-cocida-categoria-extra-luengo-400-g-luengo/R-546305860/p
La-despensa,Tortillas de trigo Old El Paso 348 g.,"0,90 €","8,16 €/kg",https://www.carrefour.es/supermercado/cereales-de-leche-carrefour-500-g-carrefour/R-521003278/p
La-despensa,Yogur L.Casei líquido natural Danone Actimel pack de 14 unidades de 100 g.,"1,83 €","4,14 €/kg",https://www.carrefour.es/supermercado/yogur-lcasei-liquido-natural-danone-actimel-pack-de-14-unidades-de-100-g-danone-actimel/R-521029645/p
La-despensa,Chocolate a la taza listo para tomar Ram 1 l.,"0,79 €","1,83 €/l",https://www.carrefour.es/supermercado/yogur-lcasei-liquido-natural-danone-actimel-pack-de-14-unidades-de-100-g-danone-actimel/R-521029645/p
La-despensa,Cuscús grano mediano Carrefour 500 g.,"1,89 €","1,58 €/kg",https://www.carrefour.es/supermercado/promocion?promoId=promof2530077
La-despensa,Yogur griego azucarado natural Danone Oikos pack de 4 unidades de 110 g.,"1,21 €","4,52 €/kg",https://www.carrefour.es/supermercado/chocolate-a-la-taza-listo-para-tomar-ram-1-l-ram/R-521007105/p
La-despensa,Yogur bífidus desnatado cremoso cocktail de frutas Danone Activia pack de 4 unidades de 120 g.,"1,40 €","3,94 €/kg",https://www.carrefour.es/supermercado/chocolate-a-la-taza-listo-para-tomar-ram-1-l-ram/R-521007105/p
La-despensa,Sticks sabor queso con ketchup Cheetos 96 g.,"5,07 €","12,60 €/kg",https://www.carrefour.es/supermercado/cuscus-grano-mediano-carrefour-500-g-carrefour/R-521005625/p
La-despensa,Salteado verdura campestres Carrefour 600 g.,"0,70 €","2,33 €/kg",https://www.carrefour.es/supermercado/cuscus-grano-mediano-carrefour-500-g-carrefour/R-521005625/p
La-despensa,Nueces peladas carrefour 400 g.,"0,99 €","12,67 €/kg",https://www.carrefour.es/supermercado/yogur-griego-azucarado-natural-danone-oikos-pack-de-4-unidades-de-110-g-danone-oikos/R-712703641/p
La-despensa,Leche desnatada con calcio Carrefour brik 1 l.,"3,12 €","0,70 €/l",https://www.carrefour.es/supermercado/yogur-griego-azucarado-natural-danone-oikos-pack-de-4-unidades-de-110-g-danone-oikos/R-712703641/p
La-despensa,Leche semidesnatada Pascual sin lactosa brik 1 l.,"0,42 €","0,99 €/l",https://www.carrefour.es/supermercado/promocion?promoId=promof2530080
La-despensa,Caldo de pollo Carrefour sin gluten pack de 4 briks de 1 l.,"1,50 €","0,78 €/l",https://www.carrefour.es/supermercado/yogur-bifidus-desnatado-cremoso-cocktail-de-frutas-danone-activia-pack-de-4-unidades-de-120-g-danone-activia/R-828238274/p
La-despensa,Macarrones Carrefour 500 g.,"0,51 €","0,84 €/kg",https://www.carrefour.es/supermercado/yogur-bifidus-desnatado-cremoso-cocktail-de-frutas-danone-activia-pack-de-4-unidades-de-120-g-danone-activia/R-828238274/p
La-despensa,Espaguetis Garofalo 500 g.,"1,80 €","3,00 €/kg",https://www.carrefour.es/supermercado/promocion?promoId=promof2550007
La-despensa,Tiras de maíz sabor barbacoa Carrefour 150 g.,"1,10 €","3,40 €/kg",https://www.carrefour.es/supermercado/sticks-sabor-queso-con-ketchup-cheetos-96-g-cheetos/R-521003705/p
La-despensa,Surtido Setas Carrefour 450 g.,"0,54 €","4,00 €/kg",https://www.carrefour.es/supermercado/sticks-sabor-queso-con-ketchup-cheetos-96-g-cheetos/R-521003705/p
La-despensa,Piccolinis capricciosa Buitoni 270 g.,"1,84 €","10,56 €/kg",https://www.carrefour.es/supermercado/salteado-verdura-campestres-carrefour-600-g-carrefour/R-640301895/p
La-despensa,Arroz con leche Carrefour pack de 4 unidades de 130 g.,"4,50 €","2,12 €/kg",https://www.carrefour.es/supermercado/salteado-verdura-campestres-carrefour-600-g-carrefour/R-640301895/p
La-despensa,Petit de sabores Carrefour Kids pack de 6 unidades de 50 g.,"2,80 €","1,80 €/kg",https://www.carrefour.es/supermercado/nueces-peladas-carrefour-400-g/R-VC4AECOMM-539120/p
La-despensa,Vinagre balsámico de módena Carrefour 500 ml.,"0,75 €","3,68 €/l",https://www.carrefour.es/supermercado/nueces-peladas-carrefour-400-g/R-VC4AECOMM-539120/p
La-despensa,Empanada rectangular de atún 700 g,"2,41 €","4,50 €/ud",https://www.carrefour.es/supermercado/leche-desnatada-con-calcio-carrefour-brik-1-l-carrefour/R-521006998/p
La-despensa,Alubia blanca categoría extra Luengo 1 kg.,"3,19 €","2,80 €/kg",https://www.carrefour.es/supermercado/leche-desnatada-con-calcio-carrefour-brik-1-l-carrefour/R-521006998/p
La-despensa,Pizza barbacoa fina y crujiente Forno di Pietra Buitoni 325 g.,"3,17 €","9,75 €/kg",https://www.carrefour.es/supermercado/pizza-barbacoa-fina-y-crujiente-forno-di-pietra-buitoni-325-g-buitoni/R-772305242/p
La-despensa,Yogur liquido de fresa Carrefour pack de 12 unidades de 100 g.,"1,74 €","1,45 €/kg",https://www.carrefour.es/supermercado/pizza-barbacoa-fina-y-crujiente-forno-di-pietra-buitoni-325-g-buitoni/R-772305242/p
La-despensa,Spaghetti nº5 Barilla 500 g.,"1,49 €","2,98 €/kg",https://www.carrefour.es/supermercado/promocion?promoId=promof2530067
La-despensa,Flan de queso Carrefour sin gluten pack de 4 unidades de 110 g.,"1,86 €","4,65 €/kg",https://www.carrefour.es/supermercado/yogur-liquido-de-fresa-carrefour-pack-de-12-unidades-de-100-g/R-VC4AECOMM-437957/p
La-despensa,Cereales de maíz Corn Flakes Kellogg's 500 g.,"2,50 €","5,00 €/kg",https://www.carrefour.es/supermercado/yogur-liquido-de-fresa-carrefour-pack-de-12-unidades-de-100-g/R-VC4AECOMM-437957/p
La-despensa,Churros Lazo 500 g.,"0,80 €","1,60 €/kg",https://www.carrefour.es/supermercado/spaghetti-n5-barilla-500-g-barilla/R-522713711/p
La-despensa,Cereales crujientes con chocolate Muesli Carrefour 750 g.,"2,05 €","3,33 €/kg",https://www.carrefour.es/supermercado/spaghetti-n5-barilla-500-g-barilla/R-522713711/p
La-despensa,Nata para cocinar Central Lechera Asturiana 500 ml.,"1,65 €","4,10 €/l",https://www.carrefour.es/supermercado/flan-de-queso-carrefour-sin-gluten-pack-de-4-unidades-de-110-g-carrefour/R-591002005/p
La-despensa,Mantequilla Carrefour 250 g.,"3,10 €","6,60 €/kg",https://www.carrefour.es/supermercado/flan-de-queso-carrefour-sin-gluten-pack-de-4-unidades-de-110-g-carrefour/R-591002005/p
La-despensa,Galletas con pepitas de chocolate Oceanix Tosta Rica Cuétara 480 g.,"0,95 €","6,46 €/kg",https://www.carrefour.es/supermercado/cereales-de-maiz-corn-flakes-kelloggs-500-g-kelloggs/R-521029103/p
La-despensa,Natillas con galleta entera Carrefour pack de 4 unidades de 125 g.,"0,50 €","1,90 €/kg",https://www.carrefour.es/supermercado/cereales-de-maiz-corn-flakes-kelloggs-500-g-kelloggs/R-521029103/p
La-despensa,Yogur de coco Carrefour pack de 4 unidades de 125 g.,"3,26 €","1,00 €/kg",https://www.carrefour.es/supermercado/churros-lazo-500-g/R-521031462/p
La-despensa,Caldo casero de pescado Gallina Blanca pack de 2 briks de 1 l.,"3,17 €","1,63 €/l",https://www.carrefour.es/supermercado/churros-lazo-500-g/R-521031462/p
La-despensa,Galletas María dorada Marbú pack de 4 unidades de 250 g.,"3,17 €","3,17 €/kg",https://www.carrefour.es/supermercado/cereales-crujientes-con-chocolate-muesli-carrefour-750-g-carrefour/R-529043295/p
La-despensa,Pizza 4 quesos fina y crujiente Forno Di Pietra Buitoni 350 g.,"0,54 €","9,06 €/kg",https://www.carrefour.es/supermercado/cereales-crujientes-con-chocolate-muesli-carrefour-750-g-carrefour/R-529043295/p
La-despensa,Patatas fritas onduladas Carrefour 170 g.,"0,67 €","3,18 €/kg",https://www.carrefour.es/supermercado/promocion?promoId=promof2530095
La-despensa,Aceitunas verde manzanilla sin hueso Jolca 180 g.,"3,60 €","8,93 €/kg",https://www.carrefour.es/supermercado/nata-para-cocinar-central-lechera-asturiana-500-ml-central-lechera-asturiana/R-521030089/p
La-despensa,Arroz redondo para microondas Brillante pack de 2 ud. de 200 g.,"1,19 €","4,57 €/kg",https://www.carrefour.es/supermercado/nata-para-cocinar-central-lechera-asturiana-500-ml-central-lechera-asturiana/R-521030089/p
La-despensa,Fabada Asturiana Litoral sin gluten y sin lactosa 1 kg.,"1,50 €","3,60 €/kg",https://www.carrefour.es/supermercado/mantequilla-carrefour-250-g-carrefour/R-fprod1350155/p
La-despensa,Espárragos blancos cortos medios 10/18 Carrefour 110 g.,"1,60 €","10,82 €/kg",https://www.carrefour.es/supermercado/mantequilla-carrefour-250-g-carrefour/R-fprod1350155/p
La-despensa,Tortillas de trigo y maiz Carrefour 320 g.,"1,61 €","5,03 €/kg",https://www.carrefour.es/supermercado/tortillas-de-trigo-y-maiz-carrefour-320-g-carrefour/R-521006913/p
La-despensa,Cuajada Carrefour pack de 4 unidades de 125 g.,"0,95 €","1,90 €/kg",https://www.carrefour.es/supermercado/tortillas-de-trigo-y-maiz-carrefour-320-g-carrefour/R-521006913/p
La-despensa,Placas para lasaña precocidas El Pavo 200 g.,"1,25 €","6,25 €/kg",https://www.carrefour.es/supermercado/cuajada-carrefour-pack-de-4-unidades-de-125-g-carrefour/R-695701137/p
La-despensa,Aceitunas verdes rellenas de anchoa La Española pack de 6 latas de 50 g.,"4,25 €","14,17 €/kg",https://www.carrefour.es/supermercado/cuajada-carrefour-pack-de-4-unidades-de-125-g-carrefour/R-695701137/p
La-despensa,Yogur bífidus desnatado con trozos de pera sin azúcar añadido Carrefour pack de 4 unidades de 125 g.,"0,89 €","1,84 €/kg",https://www.carrefour.es/supermercado/placas-para-lasana-precocidas-el-pavo-200-g-el-pavo/R-521005738/p
La-despensa,Cookies con pepitas de chocolate Carrefour 225 g.,"2,10 €","3,96 €/kg",https://www.carrefour.es/supermercado/placas-para-lasana-precocidas-el-pavo-200-g-el-pavo/R-521005738/p
La-despensa,Leche desnatada con calcio Pascual brik 1 l.,"1,73 €","1,19 €/l",https://www.carrefour.es/supermercado/aceitunas-verdes-rellenas-de-anchoa-la-espanola-pack-de-6-latas-de-50-g-la-espanola/R-521003907/p
La-despensa,Chocolate negro para repostería Nestlé Postres sin gluten 250 g.,"0,69 €","8,40 €/kg",https://www.carrefour.es/supermercado/aceitunas-verdes-rellenas-de-anchoa-la-espanola-pack-de-6-latas-de-50-g-la-espanola/R-521003907/p
La-despensa,Copa de chocolate con nata La Copa Danone sin gluten pack de 2 unidades de 110 g.,"0,80 €","5,32 €/kg",https://www.carrefour.es/supermercado/yogur-bifidus-desnatado-con-trozos-de-pera-sin-azucar-anadido-carrefour-pack-de-4-unidades-de-125-g-carrefour/R-819115339/p
La-despensa,Cereales de maíz sin azúcar añadido Corn Flakes Carrefour 500 g.,"2,35 €","3,46 €/kg",https://www.carrefour.es/supermercado/yogur-bifidus-desnatado-con-trozos-de-pera-sin-azucar-anadido-carrefour-pack-de-4-unidades-de-125-g-carrefour/R-819115339/p
La-despensa,Piñones Carrefour 500 g.,"1,63 €","1,38 €/kg",https://www.carrefour.es/supermercado/promocion?promoId=promof2530072
La-despensa,Margarina ligera Carrefour 500 g.,"0,76 €","1,60 €/kg",https://www.carrefour.es/supermercado/cookies-con-pepitas-de-chocolate-carrefour-225-g/R-VC4AECOMM-506479/p
La-despensa,Aperitivo de patata original Pringles 200 g.,"1,69 €","11,75 €/kg",https://www.carrefour.es/supermercado/cookies-con-pepitas-de-chocolate-carrefour-225-g/R-VC4AECOMM-506479/p
La-despensa,Galletas finas con chocolate negro Digestive Fontaneda 170 g.,"0,88 €","9,59 €/kg",https://www.carrefour.es/supermercado/leche-desnatada-con-calcio-pascual-brik-1-l-pascual/R-521007008/p
La-despensa,Base de pizza Carrefour pack de 3 unidades de 125 g.,"1,99 €","2,03 €/kg",https://www.carrefour.es/supermercado/leche-desnatada-con-calcio-pascual-brik-1-l-pascual/R-521007008/p
La-despensa,Galletas finas con chocolate con leche Digestive Fontaneda 170 g.,"1,37 €","9,94 €/kg",https://www.carrefour.es/supermercado/promocion?promoId=promof2530114
La-despensa,Galletas de mantequilla con tableta de chocolate blanco Carrefour 150 g.,"3,00 €","5,87 €/kg",https://www.carrefour.es/supermercado/chocolate-negro-para-reposteria-nestle-postres-sin-gluten-250-g-nestle-postres/R-521004066/p
La-despensa,Pizza 4 quesos Carrefour 400 g.,"1,50 €","4,97 €/kg",https://www.carrefour.es/supermercado/chocolate-negro-para-reposteria-nestle-postres-sin-gluten-250-g-nestle-postres/R-521004066/p
La-despensa,Tomate frito ecológico Carrefour Bio sin gluten tarro 340 g.,"1,20 €","4,03 €/kg",https://www.carrefour.es/supermercado/copa-de-chocolate-con-nata-la-copa-danone-sin-gluten-pack-de-2-unidades-de-110-g-danone-la-copa/R-710412212/p
La-despensa,Café molido mezcla express La Estrella pack de 2 unidades de 250 g.,"2,95 €","5,90 €/kg",https://www.carrefour.es/supermercado/cafe-molido-mezcla-express-la-estrella-pack-de-2-unidades-de-250-g-la-estrella/R-521034783/p
La-despensa,Placas para lasaña precocidas Carrefour 250 g.,"0,95 €","3,80 €/kg",https://www.carrefour.es/supermercado/cafe-molido-mezcla-express-la-estrella-pack-de-2-unidades-de-250-g-la-estrella/R-521034783/p
La-despensa,Azúcar blanco Azucarera 750 g.,"0,82 €","1,02 €/kg",https://www.carrefour.es/supermercado/placas-para-lasana-precocidas-carrefour-250-g-carrefour/R-590210865/p
La-despensa,Gelatina sabor fresa jellies Carrefour sin gluten pack de 6 unidades de 100 g.,"0,80 €","1,33 €/kg",https://www.carrefour.es/supermercado/placas-para-lasana-precocidas-carrefour-250-g-carrefour/R-590210865/p
La-despensa,Aceite de girasol Masiasol 1 l.,"1,39 €","1,39 €/l",https://www.carrefour.es/supermercado/azucar-blanco-azucarera-750-g-azucarera/R-521004595/p
La-despensa,Kétchup Heinz envase 700 g.,"2,60 €","3,71 €/kg",https://www.carrefour.es/supermercado/azucar-blanco-azucarera-750-g-azucarera/R-521004595/p
La-despensa,Alubia roja categoría extra Luengo 570 g.,"1,13 €","2,83 €/kg",https://www.carrefour.es/supermercado/gelatina-sabor-fresa-jellies-carrefour-sin-gluten-pack-de-6-unidades-de-100-g-carrefour/R-fprod1180024/p
La-despensa,Lentejas a la riojana Litoral sin gluten y sin lactosa 430 g.,"1,69 €","3,93 €/kg",https://www.carrefour.es/supermercado/gelatina-sabor-fresa-jellies-carrefour-sin-gluten-pack-de-6-unidades-de-100-g-carrefour/R-fprod1180024/p
La-despensa,Café espresso intenso en cápsulas Nescafé Dolce Gusto 30 unidades de 7 g.,"1,42 €","37,24 €/kg",https://www.carrefour.es/supermercado/aceite-de-girasol-masiasol-1-l-masiasol/R-694608890/p
La-despensa,Lenteja pardina categoría extra Luengo 500 g.,"2,00 €","2,84 €/kg",https://www.carrefour.es/supermercado/aceite-de-girasol-masiasol-1-l-masiasol/R-694608890/p
La-despensa,Leche de coco Goya 400 g.,"2,10 €","5,00 €/kg",https://www.carrefour.es/supermercado/ketchup-heinz-envase-700-g-heinz/R-520661027/p
La-despensa,Calamares en su tinta Calvo pack de 3 unidades de 48 g.,"2,55 €","14,58 €/kg",https://www.carrefour.es/supermercado/ketchup-heinz-envase-700-g-heinz/R-520661027/p
La-despensa,Anchoas en aceite de oliva Carrefour pack de 3 unidades de 50 g.,"0,99 €","28,33 €/kg",https://www.carrefour.es/supermercado/alubia-roja-categoria-extra-luengo-570-g-luengo/R-620102390/p
La-despensa,Pimiento del piquillo entero Carrefour 225 g.,"1,99 €","4,40 €/kg",https://www.carrefour.es/supermercado/alubia-roja-categoria-extra-luengo-570-g-luengo/R-620102390/p
La-despensa,Yogur bífidus cremoso coco Danone Activia pack de 4 unidades de 120 g.,"6,95 €","4,15 €/kg",https://www.carrefour.es/supermercado/lentejas-a-la-riojana-litoral-sin-gluten-y-sin-lactosa-430-g-litoral/R-521006731/p
La-despensa,Nuez mondada Carrefour bolsa 350 g,"0,69 €","19,86 €/kg",https://www.carrefour.es/supermercado/lentejas-a-la-riojana-litoral-sin-gluten-y-sin-lactosa-430-g-litoral/R-521006731/p
La-despensa,Cubitos de hielo Procubitos 2 kg.,"2,05 €","0,34 €/kg",https://www.carrefour.es/supermercado/cafe-espresso-intenso-en-capsulas-nescafe-dolce-gusto-30-unidades-de-7-g-nescafe-dolce-gusto/R-605701619/p
La-despensa,Cocido madrileño Litoral sin gluten y sin lactosa 440 g.,"0,54 €","4,66 €/kg",https://www.carrefour.es/supermercado/cafe-espresso-intenso-en-capsulas-nescafe-dolce-gusto-30-unidades-de-7-g-nescafe-dolce-gusto/R-605701619/p
La-despensa,Laurel Carrefour 10 g.,"2,80 €","54,00 €/kg",https://www.carrefour.es/supermercado/promocion?promoId=promof2550038
La-despensa,Puré de patatas Maggi sin gluten 520 g.,"1,26 €","5,38 €/kg",https://www.carrefour.es/supermercado/lenteja-pardina-categoria-extra-luengo-500-g-luengo/R-692808652/p
La-despensa,Petit de chocolate con leche Danone Danonino sin gluten pack de 6 unidades de 55 g.,"2,30 €","3,82 €/kg",https://www.carrefour.es/supermercado/lenteja-pardina-categoria-extra-luengo-500-g-luengo/R-692808652/p
La-despensa,Yogur desnatado con trozos de melocotón sin azúcar añadido Carrefour pack de 4 unidades de 125 g.,"0,80 €","1,60 €/kg",https://www.carrefour.es/supermercado/yogur-desnatado-con-trozos-de-melocoton-sin-azucar-anadido-carrefour-pack-de-4-unidades-de-125-g-carrefour/R-579901563/p
La-despensa,Café molido natural Gran Aroma Marcilla 500 g.,"4,79 €","9,58 €/kg",https://www.carrefour.es/supermercado/yogur-desnatado-con-trozos-de-melocoton-sin-azucar-anadido-carrefour-pack-de-4-unidades-de-125-g-carrefour/R-579901563/p
La-despensa,Natillas de chocolate Danone Danet sin gluten pack de 4 unidades de 125 g.,"1,34 €","4,06 €/kg",https://www.carrefour.es/supermercado/cafe-molido-natural-gran-aroma-marcilla-500-g-marcilla/R-804323778/p
La-despensa,Melocotón en almíbar ligero en mitades Carrefour 480 g.,"1,58 €","2,79 €/kg",https://www.carrefour.es/supermercado/cafe-molido-natural-gran-aroma-marcilla-500-g-marcilla/R-804323778/p
La-despensa,Sopa de ave con fideos Gallina Blanca pack de 3 sobres de 76 g.,"2,20 €","6,93 €/kg",https://www.carrefour.es/supermercado/natillas-de-chocolate-danone-danet-sin-gluten-pack-de-4-unidades-de-125-g-danone-danet/R-521029856/p
La-despensa,Atún en aceite de oliva Carreofur pack de 3 unidades de 52 g.,"4,29 €","14,10 €/kg",https://www.carrefour.es/supermercado/natillas-de-chocolate-danone-danet-sin-gluten-pack-de-4-unidades-de-125-g-danone-danet/R-521029856/p
La-despensa,Mantequilla fácil de untar Président 250 g.,"0,88 €","9,96 €/kg",https://www.carrefour.es/supermercado/promocion?promoId=promof2550006
La-despensa,"Cereales de arroz, trigo y cebada integral Special K Kellogg's 750 g.","0,99 €","5,72 €/kg",https://www.carrefour.es/supermercado/melocoton-en-almibar-ligero-en-mitades-carrefour-480-g-carrefour/R-prod650304/p
La-despensa,Tomate natural pelado Carrefour 480 g.,"3,62 €","1,83 €/kg",https://www.carrefour.es/supermercado/melocoton-en-almibar-ligero-en-mitades-carrefour-480-g-carrefour/R-prod650304/p
La-despensa,Espirales tricolor Carrefour 1 kg.,"2,85 €","0,99 €/kg",https://www.carrefour.es/supermercado/sopa-de-ave-con-fideos-gallina-blanca-pack-de-3-sobres-de-76-g-gallina-blanca/R-521029231/p
La-despensa,"Cereales de arroz, trigo y cebada integral con chocolate negro Special K Kellogg's 550 g.","1,69 €","6,58 €/kg",https://www.carrefour.es/supermercado/sopa-de-ave-con-fideos-gallina-blanca-pack-de-3-sobres-de-76-g-gallina-blanca/R-521029231/p
La-despensa,Garbanzo cocido ecológico Pedro Luis 425 g.,"2,10 €","5,70 €/kg",https://www.carrefour.es/supermercado/atun-en-aceite-de-oliva-carreofur-pack-de-3-unidades-de-52-g/R-VC4AECOMM-563131/p
La-despensa,Petit de fresa Danonino sin gluten pack de 4 unidades de 100 g.,"1,99 €","4,22 €/kg",https://www.carrefour.es/supermercado/atun-en-aceite-de-oliva-carreofur-pack-de-3-unidades-de-52-g/R-VC4AECOMM-563131/p
La-despensa,Calamares en salsa americana Calvo pack de 3 unidades de 48 g.,"1,00 €","14,58 €/kg",https://www.carrefour.es/supermercado/mantequilla-facil-de-untar-president-250-g-president/R-521030154/p
La-despensa,Arroz grueso para paella categoría extra La Fallera 1 kg.,"0,53 €","1,99 €/kg",https://www.carrefour.es/supermercado/mantequilla-facil-de-untar-president-250-g-president/R-521030154/p
La-despensa,Nata para cocinar Central Lechera Asturiana 200 ml.,"2,95 €","5,00 €/l",https://www.carrefour.es/supermercado/HuchaPromocion?promoId=huchaDisc420046
La-despensa,Pipas de girasol peladas Carrefour 125 g.,"4,05 €","4,24 €/kg",https://www.carrefour.es/supermercado/cereales-de-arroz-trigo-y-cebada-integral-special-k-kelloggs-750-g-kelloggs-special-k/R-521029093/p
La-despensa,Finger de mozzarella Carrefour 400 g.,"1,24 €","7,37 €/kg",https://www.carrefour.es/supermercado/cereales-de-arroz-trigo-y-cebada-integral-special-k-kelloggs-750-g-kelloggs-special-k/R-521029093/p
La-despensa,Canelones de carne La Cocinera 530 g.,"2,80 €","7,64 €/kg",https://www.carrefour.es/supermercado/tomate-natural-pelado-carrefour-480-g-carrefour/R-521029243/p
La-despensa,Chocolate negro con almendras enteras Carrefour 200 g.,"1,99 €","6,20 €/kg",https://www.carrefour.es/supermercado/tomate-natural-pelado-carrefour-480-g-carrefour/R-521029243/p
La-despensa,Pizza de jamón y quesoLa Originale Palacios 405 g.,"1,29 €","6,91 €/kg",https://www.carrefour.es/supermercado/espirales-tricolor-carrefour-1-kg-carrefour/R-fprod1270193/p
La-despensa,Hummus receta clásica Carrefour sin gluten 420 g.,"1,99 €","4,74 €/kg",https://www.carrefour.es/supermercado/espirales-tricolor-carrefour-1-kg-carrefour/R-fprod1270193/p
La-despensa,Nuez cascara Carrefour granel 500 g aprox,"2,90 €","5,80 €/kg",https://www.carrefour.es/supermercado/nuez-cascara-carrefour-granel-500-g-aprox-carrefour/R-prod1130668/p
La-despensa,Bebida de soja con calcio Carrefour sin gluten brik 1 l.,"0,82 €","0,82 €/l",https://www.carrefour.es/supermercado/nuez-cascara-carrefour-granel-500-g-aprox-carrefour/R-prod1130668/p
La-despensa,Espaguetis Carrefour 500 g.,"0,42 €","0,84 €/kg",https://www.carrefour.es/supermercado/bebida-de-soja-con-calcio-carrefour-sin-gluten-brik-1-l-carrefour/R-823818524/p
La-despensa,Patatas fritas onduladas sabor jamón y queso Ruffles 160 g.,"1,56 €","9,75 €/kg",https://www.carrefour.es/supermercado/bebida-de-soja-con-calcio-carrefour-sin-gluten-brik-1-l-carrefour/R-823818524/p
La-despensa,Leche semidesnatada brik 1 l.,"0,55 €","0,55 €/l",https://www.carrefour.es/supermercado/espaguetis-carrefour-500-g-carrefour/R-544101814/p
La-despensa,Pepinillos sabor anchoa Rioverde 180 g.,"1,25 €","6,94 €/kg",https://www.carrefour.es/supermercado/espaguetis-carrefour-500-g-carrefour/R-544101814/p
La-despensa,Galletas napolitana Cuétara 500 g.,"1,94 €","3,88 €/kg",https://www.carrefour.es/supermercado/patatas-fritas-onduladas-sabor-jamon-y-queso-ruffles-160-g/R-VC4AECOMM-468404/p
La-despensa,Cacahuetes tostados y salados 250 g.,"0,80 €","3,20 €/kg",https://www.carrefour.es/supermercado/patatas-fritas-onduladas-sabor-jamon-y-queso-ruffles-160-g/R-VC4AECOMM-468404/p
La-despensa,Tortilla de patatas con cebolla Carrefour sin gluten 600 g.,"1,75 €","2,92 €/kg",https://www.carrefour.es/supermercado/leche-semidesnatada-brik-1-l-producto-blanco/R-531731274/p
La-despensa,Cereales de cacao y avellanas Carrefour 500 g.,"1,59 €","3,18 €/kg",https://www.carrefour.es/supermercado/leche-semidesnatada-brik-1-l-producto-blanco/R-531731274/p
La-despensa,Yogur azucarado natural Danone pack de 8 unidades de 120 g.,"1,99 €","1,99 €/kg",https://www.carrefour.es/supermercado/pepinillos-sabor-anchoa-rioverde-180-g-rioverde/R-521004005/p
La-despensa,Yogur L.Casei desnatado líquido natural Danone Actimel pack de 14 unidades de 100 g.,"2,80 €","4,14 €/kg",https://www.carrefour.es/supermercado/pepinillos-sabor-anchoa-rioverde-180-g-rioverde/R-521004005/p
La-despensa,Arroz basmati Sundari 1 Kg.,"1,15 €","2,80 €/kg",https://www.carrefour.es/supermercado/galletas-napolitana-cuetara-500-g-cuetara/R-672606208/p
La-despensa,"Leche entera fresca Carrefour botella 1,5 l.","0,45 €","0,77 €/l",https://www.carrefour.es/supermercado/galletas-napolitana-cuetara-500-g-cuetara/R-672606208/p
La-despensa,Bicarbonato sódico Carrefour 300 g.,"2,69 €","1,50 €/kg",https://www.carrefour.es/supermercado/cacahuetes-tostados-y-salados-250-g-producto-blanco/R-799397826/p
La-despensa,Lenteja pardina categoría extra De Nuestra Tierra 1 kg.,"1,50 €","2,69 €/kg",https://www.carrefour.es/supermercado/cacahuetes-tostados-y-salados-250-g-producto-blanco/R-799397826/p
La-despensa,Kétchup Heinz envase 550 g.,"0,99 €","4,73 €/kg",https://www.carrefour.es/supermercado/tortilla-de-patatas-con-cebolla-carrefour-sin-gluten-600-g-carrefour/R-fprod1300006/p
La-despensa,Yogur con bolitas cubiertas de chocolate Mix-in Nestlé Kit Kat pack de 2 unidades de 115 g.,"1,25 €","6,52 €/kg",https://www.carrefour.es/supermercado/tortilla-de-patatas-con-cebolla-carrefour-sin-gluten-600-g-carrefour/R-fprod1300006/p
La-despensa,Leche desnatada Pascual sin lactosa brik 1 l.,"1,50 €","0,99 €/l",https://www.carrefour.es/supermercado/cereales-de-cacao-y-avellanas-carrefour-500-g-carrefour/R-521003280/p
La-despensa,Gustosines Cheetos 96 g.,"2,05 €","15,62 €/kg",https://www.carrefour.es/supermercado/cereales-de-cacao-y-avellanas-carrefour-500-g-carrefour/R-521003280/p
La-despensa,Patatas fritas sabor vinagreta Lay's 160 g.,"1,67 €","9,37 €/kg",https://www.carrefour.es/supermercado/yogur-azucarado-natural-danone-pack-de-8-unidades-de-120-g-danone/R-521029403/p
La-despensa,Tofu natural ecológico Carrefour Bio 400 g.,"1,90 €","5,12 €/kg",https://www.carrefour.es/supermercado/yogur-azucarado-natural-danone-pack-de-8-unidades-de-120-g-danone/R-521029403/p
La-despensa,Yogur líquido de fresa sin azúcar añadido Danone Danacol sin gluten pack de 14 unidades de 100 g.,"0,99 €","4,82 €/kg",https://www.carrefour.es/supermercado/yogur-liquido-de-fresa-sin-azucar-anadido-danone-danacol-sin-gluten-pack-de-14-unidades-de-100-g-danone-danacol/R-759007989/p
La-despensa,Arroz largo vaporizado Carrefour 1 kg.,"1,99 €","0,99 €/kg",https://www.carrefour.es/supermercado/yogur-liquido-de-fresa-sin-azucar-anadido-danone-danacol-sin-gluten-pack-de-14-unidades-de-100-g-danone-danacol/R-759007989/p
La-despensa,Barrita de barquillo cubierta de chocolate Huesitos Valor 12 ud.,"1,41 €","8,29 €/kg",https://www.carrefour.es/supermercado/promocion?promoId=promof2530099
La-despensa,Yemas de esparragos muy gruesas Carrefour 110 g.,"0,60 €","12,82 €/kg",https://www.carrefour.es/supermercado/arroz-largo-vaporizado-carrefour-1-kg-carrefour/R-521005536/p
La-despensa,Aperitivo de maíz sabor queso Carrefour 100 g.,"2,40 €","6,00 €/kg",https://www.carrefour.es/supermercado/arroz-largo-vaporizado-carrefour-1-kg-carrefour/R-521005536/p
La-despensa,Café soluble descafeinado Carrefour 200 g.,"0,63 €","12,00 €/kg",https://www.carrefour.es/supermercado/barrita-de-barquillo-cubierta-de-chocolate-huesitos-valor-12-ud-valor/R-521029136/p
La-despensa,Guisantes extrafinos Carrefour 230 g.,"1,50 €","2,74 €/kg",https://www.carrefour.es/supermercado/barrita-de-barquillo-cubierta-de-chocolate-huesitos-valor-12-ud-valor/R-521029136/p
La-despensa,Pasta penne ziti rigate Garofalo 500 g.,"2,35 €","3,00 €/kg",https://www.carrefour.es/supermercado/yemas-de-esparragos-muy-gruesas-carrefour-110-g-carrefour/R-871005018/p
La-despensa,Aperitivo de patata sabor crema agria y cebolla Pringles 200 g.,"1,07 €","11,75 €/kg",https://www.carrefour.es/supermercado/yemas-de-esparragos-muy-gruesas-carrefour-110-g-carrefour/R-871005018/p
La-despensa,Nachos al natural Carrefour 200 g.,"2,29 €","5,35 €/kg",https://www.carrefour.es/supermercado/aperitivo-de-maiz-sabor-queso-carrefour-100-g-carrefour/R-846300376/p
La-despensa,Aceite de girasol Coosol 1 l.,"0,99 €","1,23 €/l",https://www.carrefour.es/supermercado/aperitivo-de-maiz-sabor-queso-carrefour-100-g-carrefour/R-846300376/p
La-despensa,Cereales sin azúcares añadidos ecológicos Corn Flakes Carrefour Bio 500 g.,"1,16 €","4,58 €/kg",https://www.carrefour.es/supermercado/cafe-soluble-descafeinado-carrefour-200-g-carrefour/R-521003069/p
La-despensa,Mermelada de melocotón categoría extra Carrefour 410 g.,"2,90 €","2,41 €/kg",https://www.carrefour.es/supermercado/cafe-soluble-descafeinado-carrefour-200-g-carrefour/R-521003069/p
La-despensa,Sazonador para fajitas Old El Paso 35 g.,"0,80 €","14,50 €/100g",https://www.carrefour.es/supermercado/guisantes-extrafinos-carrefour-230-g-carrefour/R-681602162/p
La-despensa,Caldo de pollo Avecrem 48 pastillas,"1,24 €","10,00 €/kg",https://www.carrefour.es/supermercado/guisantes-extrafinos-carrefour-230-g-carrefour/R-681602162/p
La-despensa,Batido de cacao Cola Cao pack de 9 botellas de 200 ml.,"1,49 €","2,36 €/l",https://www.carrefour.es/supermercado/pasta-penne-ziti-rigate-garofalo-500-g-garofalo/R-793104334/p
La-despensa,Galletas Digestive Fontaneda 700 g.,"0,95 €","4,14 €/kg",https://www.carrefour.es/supermercado/pasta-penne-ziti-rigate-garofalo-500-g-garofalo/R-793104334/p
La-despensa,Yogur desnatado con trozos de fresa sin azúcar añadido Carrefour pack de 4 unidades de 125 g.,"0,64 €","1,60 €/kg",https://www.carrefour.es/supermercado/aperitivo-de-patata-sabor-crema-agria-y-cebolla-pringles-200-g-pringles/R-prod1070529/p
La-despensa,Palomitas sabor mantequilla para microondas Carrefour pack de 3 bolsas de 100 g.,"1,60 €","4,13 €/kg",https://www.carrefour.es/supermercado/aperitivo-de-patata-sabor-crema-agria-y-cebolla-pringles-200-g-pringles/R-prod1070529/p
La-despensa,Bebida de avena con calcio sin azúcar añadido ecológica Carrefour Bio 1 l.,"0,99 €","1,49 €/l",https://www.carrefour.es/supermercado/nachos-al-natural-carrefour-200-g-carrefour/R-521029351/p
La-despensa,Mermelada de fresa de temporada Hero 350 g.,"1,85 €","5,29 €/kg",https://www.carrefour.es/supermercado/mermelada-de-fresa-de-temporada-hero-350-g-hero/R-609801290/p
La-despensa,Galletas rellenas de crema de chocolate Maxi Choc Príncipe pack de 3 unidades de 250 g.,"4,85 €","6,47 €/kg",https://www.carrefour.es/supermercado/mermelada-de-fresa-de-temporada-hero-350-g-hero/R-609801290/p
La-despensa,Calamares a la Romana Pescanova 400 g.,"2,39 €","5,97 €/kg",https://www.carrefour.es/supermercado/galletas-rellenas-de-crema-de-chocolate-maxi-choc-principe-pack-de-3-unidades-de-250-g-principe/R-760106983/p
La-despensa,Pizza de espinaca Ristorante Dr. Oetker 390 g.,"1,90 €","8,90 €/kg",https://www.carrefour.es/supermercado/galletas-rellenas-de-crema-de-chocolate-maxi-choc-principe-pack-de-3-unidades-de-250-g-principe/R-760106983/p
La-despensa,Yogur bífidus desnatado natural Danone Activia pack de 4 unidades de 120 g.,"1,59 €","3,80 €/kg",https://www.carrefour.es/supermercado/calamares-a-la-romana-pescanova-400-g-pescanova/R-521034300/p
La-despensa,"Cereales de trigo con azúcar, jarabe de glucosa y miel Smacks Kellogg's 450 g.","1,29 €","6,44 €/kg",https://www.carrefour.es/supermercado/calamares-a-la-romana-pescanova-400-g-pescanova/R-521034300/p
La-despensa,Harina de maíz fina Maizena 400 g.,"1,29 €","3,97 €/kg",https://www.carrefour.es/supermercado/pizza-de-espinaca-ristorante-dr-oetker-390-g-dr-oetker-ristorante/R-521035315/p
La-despensa,Pizza mozzarella Ristorante Dr. Oetker 335 g.,"0,99 €","10,36 €/kg",https://www.carrefour.es/supermercado/pizza-de-espinaca-ristorante-dr-oetker-390-g-dr-oetker-ristorante/R-521035315/p
La-despensa,Copos de avena integral ecológicos Carrefour Bio 500 g.,"1,80 €","2,58 €/kg",https://www.carrefour.es/supermercado/promocion?promoId=promof2530111
La-despensa,Huevos M Carrefour 12 ud.,"19,09 €","1,29 €/docena",https://www.carrefour.es/supermercado/yogur-bifidus-desnatado-natural-danone-activia-pack-de-4-unidades-de-120-g-danone-activia/R-521029590/p
La-despensa,Judías verdes planas contenido bajo de sal Carrefour 360 g.,"1,36 €","2,75 €/kg",https://www.carrefour.es/supermercado/yogur-bifidus-desnatado-natural-danone-activia-pack-de-4-unidades-de-120-g-danone-activia/R-521029590/p
La-despensa,Patatas fritas churrería Santa Ana sin gluten pack de 2 bolsas de 135 g.,"0,57 €","6,67 €/kg",https://www.carrefour.es/supermercado/promocion?promoId=promof2550007
La-despensa,"Cacao soluble Cola Cao 5,7 kg.","1,22 €","3,82 €/kg",https://www.carrefour.es/supermercado/cereales-de-trigo-con-azucar-jarabe-de-glucosa-y-miel-smacks-kelloggs-450-g-kelloggs-smacks/R-521003339/p
La-despensa,Mermelada de fresa catgoría extra Carrefour 650 g.,"0,78 €","2,09 €/kg",https://www.carrefour.es/supermercado/cereales-de-trigo-con-azucar-jarabe-de-glucosa-y-miel-smacks-kelloggs-450-g-kelloggs-smacks/R-521003339/p
La-despensa,Aros de chocolate blanco Carrefour 150 g.,"0,95 €","3,80 €/kg",https://www.carrefour.es/supermercado/promocion?promoId=promof2530094
La-despensa,Puré de patatas Carrefour 500 g.,"1,50 €","2,44 €/kg",https://www.carrefour.es/supermercado/harina-de-maiz-fina-maizena-400-g-maizena/R-791104630/p
La-despensa,Harina de trigo para repostería Carrefour 1 kg.,"1,74 €","0,78 €/kg",https://www.carrefour.es/supermercado/harina-de-maiz-fina-maizena-400-g-maizena/R-791104630/p
La-despensa,Yogur bífidus desnatado con trozos de manzana sin azúcar añadido Carrefour pack de 4 unidades de 125 g.,"0,55 €","1,90 €/kg",https://www.carrefour.es/supermercado/pizza-mozzarella-ristorante-dr-oetker-335-g-dr-oetker-ristorante/R-594814564/p
La-despensa,Pasta mafalda corta Garofalo 500 g.,"0,99 €","3,00 €/kg",https://www.carrefour.es/supermercado/pizza-mozzarella-ristorante-dr-oetker-335-g-dr-oetker-ristorante/R-594814564/p
La-despensa,Sopa de ternera con estrellitas Gallina Blanca pack de 3 sobres de 73 g.,"1,41 €","7,91 €/kg",https://www.carrefour.es/supermercado/promocion?promoId=promof2530111
La-despensa,Leche entera brik 1 l.,"0,80 €","0,55 €/l",https://www.carrefour.es/supermercado/copos-de-avena-integral-ecologicos-carrefour-bio-500-g-carrefour-bio/R-fprod1320260/p
La-despensa,Natillas de caramelo Carrefour pack de 4 unidades de 125 g.,"0,69 €","1,38 €/kg",https://www.carrefour.es/supermercado/natillas-de-caramelo-carrefour-pack-de-4-unidades-de-125-g-carrefour/R-837832788/p
La-despensa,Tiras de maíz BBQ orginal Fritos 146 g.,"1,34 €","9,18 €/kg",https://www.carrefour.es/supermercado/natillas-de-caramelo-carrefour-pack-de-4-unidades-de-125-g-carrefour/R-837832788/p
La-despensa,Crema de avellanas original Nocilla sin gluten y sin aceite de palma 360 g.,"2,65 €","7,36 €/kg",https://www.carrefour.es/supermercado/tiras-de-maiz-bbq-orginal-fritos-146-g/R-VC4AECOMM-468372/p
La-despensa,Cereales de maíz tostados y azucarados Frosties Kellogg's 450 g.,"1,24 €","6,89 €/kg",https://www.carrefour.es/supermercado/tiras-de-maiz-bbq-orginal-fritos-146-g/R-VC4AECOMM-468372/p
La-despensa,Salsa bechamel Carrefour brik 500 ml.,"1,71 €","2,48 €/l",https://www.carrefour.es/supermercado/crema-de-avellanas-original-nocilla-sin-gluten-y-sin-aceite-de-palma-360-g-nocilla/R-prod810304/p
La-despensa,Lasaña boloñesa Carrefour 500 g.,"4,25 €","3,42 €/kg",https://www.carrefour.es/supermercado/crema-de-avellanas-original-nocilla-sin-gluten-y-sin-aceite-de-palma-360-g-nocilla/R-prod810304/p
La-despensa,Flan de vainilla con caramelo Nestlé La Lechera pack de 6 unidades de 100 g.,"1,34 €","2,45 €/kg",https://www.carrefour.es/supermercado/cereales-de-maiz-tostados-y-azucarados-frosties-kelloggs-450-g-kelloggs-frosties/R-521003363/p
La-despensa,Café con leche en cápsulas Nescafé Dolce Gusto 16 unidades de 10 g.,"1,20 €","22,85 €/kg",https://www.carrefour.es/supermercado/cereales-de-maiz-tostados-y-azucarados-frosties-kelloggs-450-g-kelloggs-frosties/R-521003363/p
La-despensa,Edulcorante líquido Carrefour 300 ml.,"1,42 €","4,47 €/l",https://www.carrefour.es/supermercado/promocion?promoId=promof2530094
La-despensa,Yogur desnatado de limón sin azúcar añadido Danone Vitalinea sin gluten pack de 4 unidades de 120 g.,"2,19 €","2,50 €/kg",https://www.carrefour.es/supermercado/salsa-bechamel-carrefour-brik-500-ml-carrefour/R-586101617/p
La-despensa,Garbanzo castellano cocido De Nuestra Tierra 400 g.,"3,69 €","3,55 €/kg",https://www.carrefour.es/supermercado/salsa-bechamel-carrefour-brik-500-ml-carrefour/R-586101617/p
La-despensa,Yogur bífidus de fibras con avena y nueces Danone Activia pack de 4 unidades de 120 g.,"2,85 €","4,56 €/kg",https://www.carrefour.es/supermercado/lasana-bolonesa-carrefour-500-g-carrefour/R-527031680/p
La-despensa,Yogur líquido de fresa sin azúcar añadido Danone Danacol sin gluten pack de 6 unidades de 100 g.,"2,99 €","6,15 €/kg",https://www.carrefour.es/supermercado/lasana-bolonesa-carrefour-500-g-carrefour/R-527031680/p
La-despensa,Spaghetti nº5 Barilla 1 kg.,"1,68 €","2,85 €/kg",https://www.carrefour.es/supermercado/flan-de-vainilla-con-caramelo-nestle-la-lechera-pack-de-6-unidades-de-100-g-nestle-la-lechera/R-840600807/p
La-despensa,Yogur L.Casei líquido natural Danone Actimel pack de 6 unidades de 100 g.,"0,55 €","4,98 €/kg",https://www.carrefour.es/supermercado/flan-de-vainilla-con-caramelo-nestle-la-lechera-pack-de-6-unidades-de-100-g-nestle-la-lechera/R-840600807/p
La-despensa,Galletas de avena y naranja Digestive Gullón 425 g.,"4,05 €","3,18 €/kg",https://www.carrefour.es/supermercado/promocion?promoId=promof2530113
La-despensa,Mejillones en escabeche Calvo 69 g.,"0,49 €","24,35 €/kg",https://www.carrefour.es/supermercado/cafe-con-leche-en-capsulas-nescafe-dolce-gusto-16-unidades-de-10-g-nescafe-dolce-gusto/R-617901913/p
La-despensa,Chocolate blanco fondant 100 g.,"3,95 €","5,50 €/kg",https://www.carrefour.es/supermercado/cafe-con-leche-en-capsulas-nescafe-dolce-gusto-16-unidades-de-10-g-nescafe-dolce-gusto/R-617901913/p
La-despensa,Arroz La Cigala 1 kg.,"2,06 €","1,29 €/kg",https://www.carrefour.es/supermercado/edulcorante-liquido-carrefour-300-ml-carrefour/R-550701664/p
La-despensa,Lasaña Boloñesa La Cocinera 530 g.,"1,23 €","7,64 €/kg",https://www.carrefour.es/supermercado/edulcorante-liquido-carrefour-300-ml-carrefour/R-550701664/p
La-despensa,Salsa pesto Gallo sin gluten tarro 190 g.,"1,81 €","9,53 €/kg",https://www.carrefour.es/supermercado/salsa-pesto-gallo-sin-gluten-tarro-190-g-gallo/R-804323960/p
La-despensa,Zanahoria rallada Carrefour 180 g.,"0,54 €","3,00 €/kg",https://www.carrefour.es/supermercado/salsa-pesto-gallo-sin-gluten-tarro-190-g-gallo/R-804323960/p
La-despensa,Galletas María Oro Cuétara pack de 3 unidades de 225 g.,"2,49 €","3,69 €/kg",https://www.carrefour.es/supermercado/zanahoria-rallada-carrefour-180-g-carrefour/R-521006110/p
La-despensa,Yogur desnatado natural edulcorado sin azúcar añadido Danone Vitalinea pack de 8 unidades de 120 g.,"2,19 €","2,28 €/kg",https://www.carrefour.es/supermercado/zanahoria-rallada-carrefour-180-g-carrefour/R-521006110/p
La-despensa,Aceitunas verdes manzanilla sin hueso Jolca pack de 3 bolsas de 50 g.,"1,43 €","9,53 €/kg",https://www.carrefour.es/supermercado/galletas-maria-oro-cuetara-pack-de-3-unidades-de-225-g-cuetara/R-521002676/p
La-despensa,Yogur griego con fresas Danone Oikos pack de 4 unidades de 110 g.,"0,99 €","4,52 €/kg",https://www.carrefour.es/supermercado/galletas-maria-oro-cuetara-pack-de-3-unidades-de-225-g-cuetara/R-521002676/p
La-despensa,Nata montada azucarada Carrefour spray 250 ml.,"1,85 €","3,96 €/l",https://www.carrefour.es/supermercado/yogur-desnatado-natural-edulcorado-sin-azucar-anadido-danone-vitalinea-pack-de-8-unidades-de-120-g-danone-vitalinea/R-648002079/p
La-despensa,Patatas fritas al punto de sal Horno Lay's 150 g.,"1,88 €","12,33 €/kg",https://www.carrefour.es/supermercado/yogur-desnatado-natural-edulcorado-sin-azucar-anadido-danone-vitalinea-pack-de-8-unidades-de-120-g-danone-vitalinea/R-648002079/p
La-despensa,Leche evaporada -40% materia grasa Ideal pack de 2 briks de 210 g.,"1,99 €","4,48 €/kg",https://www.carrefour.es/supermercado/promocion?promoId=promof2550007
La-despensa,"Yogur de limón, galleta, fresa y macedonia Danone sin gluten pack de 8 unidades de 125 g.","0,84 €","2,07 €/kg",https://www.carrefour.es/supermercado/aceitunas-verdes-manzanilla-sin-hueso-jolca-pack-de-3-bolsas-de-50-g-jolca/R-785113051/p
La-despensa,Aceitunas verdes rellenas de anchoa reducido en sal Carrefour 150 g.,"1,61 €","5,60 €/kg",https://www.carrefour.es/supermercado/aceitunas-verdes-manzanilla-sin-hueso-jolca-pack-de-3-bolsas-de-50-g-jolca/R-785113051/p
La-despensa,Mostaza Heinz envase 220 ml.,"1,50 €","6,71 €/l",https://www.carrefour.es/supermercado/yogur-griego-con-fresas-danone-oikos-pack-de-4-unidades-de-110-g/R-VC4AECOMM-460092/p
La-despensa,Pasta elicoidale Garofalo 500 g.,"1,95 €","3,00 €/kg",https://www.carrefour.es/supermercado/yogur-griego-con-fresas-danone-oikos-pack-de-4-unidades-de-110-g/R-VC4AECOMM-460092/p
La-despensa,Cacao soluble instantáneo Nestlé Nesquik sin gluten 390 g.,"0,58 €","5,00 €/kg",https://www.carrefour.es/supermercado/promocion?promoId=promof2530080
La-despensa,Lenteja cocida categoría extra Carrefour 400 g.,"1,50 €","1,45 €/kg",https://www.carrefour.es/supermercado/nata-montada-azucarada-carrefour-spray-250-ml-carrefour/R-521032934/p
La-despensa,Macarrones rayados Gallo 750 g.,"3,90 €","2,00 €/kg",https://www.carrefour.es/supermercado/nata-montada-azucarada-carrefour-spray-250-ml-carrefour/R-521032934/p
La-despensa,Chocolate negro 80% Carrefour Selección 100 g.,"0,69 €","11,90 €/kg",https://www.carrefour.es/supermercado/patatas-fritas-al-punto-de-sal-horno-lays-150-g-lays/R-521009468/p
La-despensa,Crema de cacao con avellanas original Nocilla 780 g.,"4,40 €","5,00 €/kg",https://www.carrefour.es/supermercado/patatas-fritas-al-punto-de-sal-horno-lays-150-g-lays/R-521009468/p
La-despensa,Natillas sabor galleta Carrefour pack de 4 unidades de 125 g.,"4,47 €","1,38 €/kg",https://www.carrefour.es/supermercado/leche-evaporada-40-materia-grasa-ideal-pack-de-2-briks-de-210-g-nestle-ideal/R-prod870250/p
La-despensa,Chocolate con leche extrafino Nestlé sin gluten pack de 5 tabletas de 125 g.,"0,75 €","7,04 €/kg",https://www.carrefour.es/supermercado/leche-evaporada-40-materia-grasa-ideal-pack-de-2-briks-de-210-g-nestle-ideal/R-prod870250/p
La-despensa,Caldo de pollo Gallina Blanca pack de 2 briks de 1 l.,"1,67 €","2,23 €/l",https://www.carrefour.es/supermercado/yogur-de-limon-galleta-fresa-y-macedonia-danone-sin-gluten-pack-de-8-unidades-de-125-g-danone/R-521029416/p
La-despensa,Nachos ecológicos Carrefour Bio 125 g.,"1,19 €","9,52 €/kg",https://www.carrefour.es/supermercado/nachos-ecologicos-carrefour-bio-125-g-carrefour-bio/R-639802362/p
La-despensa,Arroz tres delicias con marisco Carrefour 500 g.,"1,31 €","2,62 €/kg",https://www.carrefour.es/supermercado/nachos-ecologicos-carrefour-bio-125-g-carrefour-bio/R-639802362/p
La-despensa,Mousse de chocolete con leche Carrefour pack de 4 unidades de 60 g.,"0,68 €","2,83 €/kg",https://www.carrefour.es/supermercado/arroz-tres-delicias-con-marisco-carrefour-500-g-carrefour/R-521031575/p
La-despensa,Atún en aceite de girasol 650 g.,"5,30 €","8,15 €/kg",https://www.carrefour.es/supermercado/arroz-tres-delicias-con-marisco-carrefour-500-g-carrefour/R-521031575/p
La-despensa,Caldo de pollo Carrefour 15 pastillas,"0,91 €","6,07 €/kg",https://www.carrefour.es/supermercado/mousse-de-chocolete-con-leche-carrefour-pack-de-4-unidades-de-60-g-carrefour/R-521029902/p
La-despensa,Leche condensada Carrefour 740 g.,"1,41 €","1,91 €/kg",https://www.carrefour.es/supermercado/mousse-de-chocolete-con-leche-carrefour-pack-de-4-unidades-de-60-g-carrefour/R-521029902/p
La-despensa,Aperitivo sabor mantequilla Jumpers sin gluten 100 g.,"1,06 €","10,60 €/kg",https://www.carrefour.es/supermercado/atun-en-aceite-de-girasol-650-g-producto-blanco/R-544101842/p
La-despensa,Anchoas en aceite de oliva Carrefour 50 g.,"0,99 €","33,00 €/kg",https://www.carrefour.es/supermercado/atun-en-aceite-de-girasol-650-g-producto-blanco/R-544101842/p
La-despensa,Croquetas de pollo Carrefour 500 g.,"0,99 €","1,98 €/kg",https://www.carrefour.es/supermercado/caldo-de-pollo-carrefour-15-pastillas/R-VC4AECOMM-476734/p
La-despensa,Tortitas de maíz Bicentury 130 g.,"1,39 €","10,69 €/kg",https://www.carrefour.es/supermercado/caldo-de-pollo-carrefour-15-pastillas/R-VC4AECOMM-476734/p
La-despensa,Aceite de oliva virgen Carrefour garrafa 5 l.,"12,45 €","2,49 €/l",https://www.carrefour.es/supermercado/leche-condensada-carrefour-740-g-carrefour/R-521029077/p
La-despensa,Croquetas de jamón serrano La Cocinera 500 g.,"2,89 €","5,78 €/kg",https://www.carrefour.es/supermercado/leche-condensada-carrefour-740-g-carrefour/R-521029077/p
La-despensa,Sal marina yodada con flúor Sal Costa 1 kg.,"0,67 €","0,67 €/kg",https://www.carrefour.es/supermercado/aperitivo-sabor-mantequilla-jumpers-sin-gluten-100-g-jumpers/R-prod300963/p
La-despensa,Sopa de pollo con Maravilla Gallina Blanca pack de 3 sobres de 86 g.,"1,74 €","6,69 €/kg",https://www.carrefour.es/supermercado/aperitivo-sabor-mantequilla-jumpers-sin-gluten-100-g-jumpers/R-prod300963/p
La-despensa,Tortilla de patata con cebolla 300 g,"2,00 €","6,67 €/kg",https://www.carrefour.es/supermercado/anchoas-en-aceite-de-oliva-carrefour-50-g-carrefour/R-521029304/p
La-despensa,Berberechos al natural 60/90 Carrefour 111 g.,"1,76 €","27,94 €/kg",https://www.carrefour.es/supermercado/anchoas-en-aceite-de-oliva-carrefour-50-g-carrefour/R-521029304/p
La-despensa,Anacardos fritos y salados Carrefour 200 g.,"2,10 €","10,50 €/kg",https://www.carrefour.es/supermercado/croquetas-de-pollo-carrefour-500-g-carrefour/R-521031350/p
La-despensa,Harina de trigo integral Carrefour 1 kg.,"0,75 €","0,75 €/kg",https://www.carrefour.es/supermercado/croquetas-de-pollo-carrefour-500-g-carrefour/R-521031350/p
La-despensa,Crema de chocolate negro Vitalinea pack de 4 unidades de sin gluten 125 g.,"2,15 €","4,30 €/kg",https://www.carrefour.es/supermercado/tortitas-de-maiz-bicentury-130-g-bicentury/R-521003881/p
La-despensa,Hummus con aceitunas kalamata Carrefour sin gluten 240 g.,"1,25 €","5,21 €/kg",https://www.carrefour.es/supermercado/tortitas-de-maiz-bicentury-130-g-bicentury/R-521003881/p
La-despensa,Maíz dulce sin azúcar añadido Carrefour 285 g.,"0,51 €","1,79 €/kg",https://www.carrefour.es/supermercado/aceite-de-oliva-virgen-carrefour-garrafa-5-l-carrefour/R-639501882/p
La-despensa,Nata para cocinar fresca Président 200 ml.,"1,89 €","9,45 €/l",https://www.carrefour.es/supermercado/aceite-de-oliva-virgen-carrefour-garrafa-5-l-carrefour/R-639501882/p
La-despensa,Salsa de soja con menos sal Kikkoman botella 250 ml.,"3,30 €","13,20 €/l",https://www.carrefour.es/supermercado/croquetas-de-jamon-serrano-la-cocinera-500-g-la-cocinera/R-521031340/p
La-despensa,Caldo de pollo contenido reducido en sal Carrefour sin gluten 1 l.,"0,82 €","0,82 €/l",https://www.carrefour.es/supermercado/croquetas-de-jamon-serrano-la-cocinera-500-g-la-cocinera/R-521031340/p
La-despensa,Crema de verduras mediterráneas Knorr 500 ml.,"2,00 €","4,00 €/l",https://www.carrefour.es/supermercado/crema-de-verduras-mediterraneas-knorr-500-ml-knorr/R-fprod1370239/p
La-despensa,Yogur líquido natural sin azúcar añadido Danone Danacol pack de 14 unidades de 100 g.,"2,50 €","4,82 €/kg",https://www.carrefour.es/supermercado/crema-de-verduras-mediterraneas-knorr-500-ml-knorr/R-fprod1370239/p
La-despensa,Dátil deshuesado Carrefour tarrina 300 g,"1,99 €","8,33 €/kg",https://www.carrefour.es/supermercado/HuchaPromocion?promoId=huchaDisc420032
La-despensa,Leche desnatada ecológica Carrefour Bio brik 1 l.,"1,99 €","0,94 €/l",https://www.carrefour.es/supermercado/yogur-liquido-natural-sin-azucar-anadido-danone-danacol-pack-de-14-unidades-de-100-g-danone-danacol/R-759007987/p
La-despensa,Nueces mondadas Frumesa 170 g.,"0,90 €","11,71 €/kg",https://www.carrefour.es/supermercado/yogur-liquido-natural-sin-azucar-anadido-danone-danacol-pack-de-14-unidades-de-100-g-danone-danacol/R-759007987/p
La-despensa,Ventresca de atún claro en aceite de oliva Carrefour 73 g.,"1,93 €","27,26 €/kg",https://www.carrefour.es/supermercado/promocion?promoId=promof2530099
La-despensa,Galleta María Carrefour sin aceite de palma 800 g.,"0,79 €","1,12 €/kg",https://www.carrefour.es/supermercado/datil-deshuesado-carrefour-tarrina-300-g-carrefour/R-prod1070761/p
La-despensa,Azúcar moreno de caña integral Sidul 1 kg.,"0,41 €","1,93 €/kg",https://www.carrefour.es/supermercado/datil-deshuesado-carrefour-tarrina-300-g-carrefour/R-prod1070761/p
La-despensa,Edulcorante ciclamatos y sacarina Carrefour 650 ud.,"0,82 €","10,25 €/kg",https://www.carrefour.es/supermercado/leche-desnatada-ecologica-carrefour-bio-brik-1-l-carrefour-bio/R-851400476/p
La-despensa,Canela molida Carrefour 40 g.,"0,79 €","0,82 €/l",https://www.carrefour.es/supermercado/leche-desnatada-ecologica-carrefour-bio-brik-1-l-carrefour-bio/R-851400476/p
La-despensa,Caldo de carne Carrefour sin gluten brik 1 l.,"2,05 €","5,27 €/kg",https://www.carrefour.es/supermercado/nueces-mondadas-frumesa-170-g-frumesa/R-773101605/p
La-despensa,Patatas frittas sabor jamón serrano Carrefour 150 g.,"1,66 €","4,10 €/kg",https://www.carrefour.es/supermercado/nueces-mondadas-frumesa-170-g-frumesa/R-773101605/p
La-despensa,Café Molido Natural Carrefour 500 g.,"2,09 €","4,81 €/kg",https://www.carrefour.es/supermercado/ventresca-de-atun-claro-en-aceite-de-oliva-carrefour-73-g-carrefour/R-521006217/p
La-despensa,Melocotón en almíbar ligero en mitades Carrefour pack de 3 unidades de 200 g.,"1,42 €","4,75 €/kg",https://www.carrefour.es/supermercado/ventresca-de-atun-claro-en-aceite-de-oliva-carrefour-73-g-carrefour/R-521006217/p
La-despensa,Flan de huevo al baño María Dhul pack de 4 unidades de 110 g.,"1,79 €","1,42 €/kg",https://www.carrefour.es/supermercado/galleta-maria-carrefour-sin-aceite-de-palma-800-g/R-VC4AECOMM-602603/p
La-despensa,Arroz Nomen 1 kg.,"0,51 €","1,79 €/l",https://www.carrefour.es/supermercado/galleta-maria-carrefour-sin-aceite-de-palma-800-g/R-VC4AECOMM-602603/p
La-despensa,Bebida de coco sin azúcar Alpro Central Lechera Asturiana sin gluten brik 1 l.,"1,39 €","1,02 €/kg",https://www.carrefour.es/supermercado/azucar-moreno-de-cana-integral-sidul-1-kg-sidul/R-prod880045/p
La-despensa,Espirales Carrefour 500 g.,"2,55 €","4,21 €/kg",https://www.carrefour.es/supermercado/azucar-moreno-de-cana-integral-sidul-1-kg-sidul/R-prod880045/p
La-despensa,Tomate triturado ecologico carrefour bio 330 g.,"3,29 €","10,20 €/kg",https://www.carrefour.es/supermercado/edulcorante-ciclamatos-y-sacarina-carrefour-650-ud-carrefour/R-prod290779/p
La-despensa,Café molido mezcla Gran Aroma Marcilla 250 g.,"1,83 €","1,19 €/l",https://www.carrefour.es/supermercado/edulcorante-ciclamatos-y-sacarina-carrefour-650-ud-carrefour/R-prod290779/p
La-despensa,Leche semidesnatada con calcio Pascual brik 1 l.,"6,65 €","6,58 €/kg",https://www.carrefour.es/supermercado/canela-molida-carrefour-40-g-carrefour/R-prod710289/p
La-despensa,Arroz integral vaporizado Carrefour 1 kg.,"1,49 €","1,49 €/kg",https://www.carrefour.es/supermercado/arroz-integral-vaporizado-carrefour-1-kg-carrefour/R-797422256/p
La-despensa,Nachos sabor queso Doritos Tex mex 150 g.,"1,65 €","11,00 €/kg",https://www.carrefour.es/supermercado/arroz-integral-vaporizado-carrefour-1-kg-carrefour/R-797422256/p
La-despensa,Fideos nº 0 al huevo Gallo 400 g.,"1,67 €","4,17 €/kg",https://www.carrefour.es/supermercado/nachos-sabor-queso-doritos-tex-mex-150-g-doritos/R-521012575/p
La-despensa,Cacao soluble 0% azúcares añadidos Cola Cao 300 g.,"3,20 €","10,67 €/kg",https://www.carrefour.es/supermercado/nachos-sabor-queso-doritos-tex-mex-150-g-doritos/R-521012575/p
La-despensa,Pizza carbonara Ristorante Dr. Oetker 340 g.,"2,64 €","10,21 €/kg",https://www.carrefour.es/supermercado/fideos-n-0-al-huevo-gallo-400-g-gallo/R-fprod1360049/p
La-despensa,Pizza de pollo y bacon Casa Tarradellas 410 g.,"2,19 €","6,44 €/kg",https://www.carrefour.es/supermercado/fideos-n-0-al-huevo-gallo-400-g-gallo/R-fprod1360049/p
La-despensa,Yogur bífidus con fresa Danone Activia pack de 4 unidades de 120 g.,"0,86 €","4,56 €/kg",https://www.carrefour.es/supermercado/HuchaPromocion?promoId=huchaDisc420048
La-despensa,Yogur bífidus desnatado con trozos de muesli sin azúcar añadido Carrefour pack de 4 unidades de 125 g.,"1,29 €","1,72 €/kg",https://www.carrefour.es/supermercado/cacao-soluble-0-azucares-anadidos-cola-cao-300-g-cola-cao/R-840405245/p
La-despensa,Leche entera Carrefour pack de 6 briks de 200 ml.,"0,93 €","1,08 €/l",https://www.carrefour.es/supermercado/cacao-soluble-0-azucares-anadidos-cola-cao-300-g-cola-cao/R-840405245/p
La-despensa,Espaguetis nº3 Gallo 500 g.,"0,84 €","1,86 €/kg",https://www.carrefour.es/supermercado/pizza-carbonara-ristorante-dr-oetker-340-g-dr-oetker-ristorante/R-795705194/p
La-despensa,Pannini de jamón y queso Dr. Oetker 250 g.,"1,59 €","10,60 €/kg",https://www.carrefour.es/supermercado/pizza-carbonara-ristorante-dr-oetker-340-g-dr-oetker-ristorante/R-795705194/p
La-despensa,Macarrones rayados vegetales Carrefour 500 g.,"1,28 €","1,68 €/kg",https://www.carrefour.es/supermercado/promocion?promoId=promof2530111
La-despensa,Flan de vainilla Danone sin gluten pack de 4 unidades de 100 g.,"0,99 €","3,97 €/kg",https://www.carrefour.es/supermercado/pizza-de-pollo-y-bacon-casa-tarradellas-410-g-casa-tarradellas/R-prod820301/p
La-despensa,Salsa de tomate De la Abuela Carrefour tarro 300 g.,"1,19 €","4,27 €/kg",https://www.carrefour.es/supermercado/pizza-de-pollo-y-bacon-casa-tarradellas-410-g-casa-tarradellas/R-prod820301/p
La-despensa,Leche semidesnatada Puleva sin lactosa botella 1 l.,"1,69 €","0,99 €/l",https://www.carrefour.es/supermercado/yogur-bifidus-con-fresa-danone-activia-pack-de-4-unidades-de-120-g-danone-activia/R-521029570/p
La-despensa,Harina para bizcochos Gallo 1 kg,"3,30 €","1,19 €/kg",https://www.carrefour.es/supermercado/yogur-bifidus-con-fresa-danone-activia-pack-de-4-unidades-de-120-g-danone-activia/R-521029570/p
La-despensa,Aceitunas negras cacereñas sin hueso Serpis sin gluten y sin lactosa150 g.,"3,09 €","11,27 €/kg",https://www.carrefour.es/supermercado/promocion?promoId=promof2550007
La-despensa,Piña en su jugo en rodajas Del Monte pack de 3 unidades de 140 g.,"2,70 €","7,86 €/kg",https://www.carrefour.es/supermercado/yogur-bifidus-desnatado-con-trozos-de-muesli-sin-azucar-anadido-carrefour-pack-de-4-unidades-de-125-g-carrefour/R-521029598/p
La-despensa,Yogur bífidus natural Danone Activia pack de 8 unidades de 120 g.,"1,39 €","3,09 €/kg",https://www.carrefour.es/supermercado/yogur-bifidus-desnatado-con-trozos-de-muesli-sin-azucar-anadido-carrefour-pack-de-4-unidades-de-125-g-carrefour/R-521029598/p
La-despensa,Orégano Carrefour 82 g.,"2,25 €","32,93 €/kg",https://www.carrefour.es/supermercado/leche-entera-carrefour-pack-de-6-briks-de-200-ml-carrefour/R-prod870055/p
La-despensa,Pimientos de piquillo asados Carrefour 350 g.,"1,14 €","3,97 €/kg",https://www.carrefour.es/supermercado/leche-entera-carrefour-pack-de-6-briks-de-200-ml-carrefour/R-prod870055/p
La-despensa,Galletas integrales MarieLu Fontaneda 520 g.,"0,99 €","4,33 €/kg",https://www.carrefour.es/supermercado/espaguetis-n3-gallo-500-g-gallo/R-521005605/p
La-despensa,Patatas fritas sabor crema de queso y cebolla caramelizada gourmet Lay's 150 g.,"0,49 €","14,00 €/kg",https://www.carrefour.es/supermercado/patatas-fritas-sabor-crema-de-queso-y-cebolla-caramelizada-gourmet-lays-150-g-lays/R-prod970529/p
La-despensa,Yogur natural Carrefour pack de 4 unidades de 125 g.,"3,40 €","0,98 €/kg",https://www.carrefour.es/supermercado/patatas-fritas-sabor-crema-de-queso-y-cebolla-caramelizada-gourmet-lays-150-g-lays/R-prod970529/p
La-despensa,Leche entera Central Lechera Asturiana sin lactosa brik 1 l.,"0,82 €","0,89 €/l",https://www.carrefour.es/supermercado/promocion?promoId=promof2530071
La-despensa,Atún claro en escabeche Carrefour pack de 6 latas de 52 g.,"1,05 €","10,90 €/kg",https://www.carrefour.es/supermercado/yogur-natural-carrefour-pack-de-4-unidades-de-125-g-carrefour/R-725713179/p
La-despensa,Fideo cabellín ecológico Carrefour Bio 500 g.,"2,65 €","1,64 €/kg",https://www.carrefour.es/supermercado/yogur-natural-carrefour-pack-de-4-unidades-de-125-g-carrefour/R-725713179/p
La-despensa,Gelatina sabor frutos rojos Proteína Plus 0% materia grasa Carrefour sin gluten pack de 4 unidades de 100 g.,"1,72 €","2,62 €/kg",https://www.carrefour.es/supermercado/leche-entera-central-lechera-asturiana-sin-lactosa-brik-1-l-central-lechera-asturiana/R-prod150291/p
La-despensa,Arroz bomba para paella categoría extra Carrefour 1 kg.,"2,05 €","2,65 €/kg",https://www.carrefour.es/supermercado/leche-entera-central-lechera-asturiana-sin-lactosa-brik-1-l-central-lechera-asturiana/R-prod150291/p
La-despensa,Semillas de chía ecológicas Carrefour Bio 250 g.,"1,57 €","6,88 €/kg",https://www.carrefour.es/supermercado/atun-claro-en-escabeche-carrefour-pack-de-6-latas-de-52-g-carrefour/R-prod820097/p
La-despensa,Patatas fritas churrería Santa Ana sin gluten 320 g.,"1,49 €","6,41 €/kg",https://www.carrefour.es/supermercado/atun-claro-en-escabeche-carrefour-pack-de-6-latas-de-52-g-carrefour/R-prod820097/p
La-despensa,Kéfir Pastoret 500 g.,"2,65 €","3,14 €/kg",https://www.carrefour.es/supermercado/fideo-cabellin-ecologico-carrefour-bio-500-g-carrefour-bio/R-530913232/p
La-despensa,Bebida de soja ligera Alpro Central Lechera Asturiana brik 1 l.,"0,99 €","1,49 €/l",https://www.carrefour.es/supermercado/fideo-cabellin-ecologico-carrefour-bio-500-g-carrefour-bio/R-530913232/p
La-despensa,Batido de cacao Cacaolat sin gluten pack de 6 briks de 200 ml.,"2,05 €","2,21 €/l",https://www.carrefour.es/supermercado/gelatina-sabor-frutos-rojos-proteina-plus-0-materia-grasa-carrefour-sin-gluten-pack-de-4-unidades-de-100-g/R-VC4AECOMM-434281/p
La-despensa,Yogur líquido con fresa y plátano Danone Actimel Kids sin gluten pack de 14 unidades de 100 g.,"1,80 €","4,14 €/kg",https://www.carrefour.es/supermercado/gelatina-sabor-frutos-rojos-proteina-plus-0-materia-grasa-carrefour-sin-gluten-pack-de-4-unidades-de-100-g/R-VC4AECOMM-434281/p
La-despensa,Tagliatelle al huevo Carrefour 250 g.,"0,99 €","3,96 €/kg",https://www.carrefour.es/supermercado/arroz-bomba-para-paella-categoria-extra-carrefour-1-kg-carrefour/R-649302125/p
La-despensa,Nata para montar y decorar Central Lechera Asturiana 500 ml.,"3,55 €","4,10 €/l",https://www.carrefour.es/supermercado/arroz-bomba-para-paella-categoria-extra-carrefour-1-kg-carrefour/R-649302125/p
La-despensa,Caldo casero de verduras Gallina Blanca 1 l.,"1,99 €","1,80 €/l",https://www.carrefour.es/supermercado/semillas-de-chia-ecologicas-carrefour-bio-250-g-carrefour-bio/R-prod1000537/p
La-despensa,Gelatina light sabor fresa sin azúcar añadido Carrefour sin gluten pack de 6 unidades de 100 g.,"1,05 €","1,65 €/kg",https://www.carrefour.es/supermercado/semillas-de-chia-ecologicas-carrefour-bio-250-g-carrefour-bio/R-prod1000537/p
La-despensa,Tomate frito Solís sin gluten y sin lactosa pack de 6 briks de 350 g.,"0,99 €","1,69 €/kg",https://www.carrefour.es/supermercado/patatas-fritas-churreria-santa-ana-sin-gluten-320-g-santa-ana/R-prod271006/p
La-despensa,Yogur líquido de fresa y plátano Danonino en bolsitas pack de 4 unidades de 70 g.,"2,00 €","7,11 €/kg",https://www.carrefour.es/supermercado/patatas-fritas-churreria-santa-ana-sin-gluten-320-g-santa-ana/R-prod271006/p
La-despensa,Leche desnatada suprema Central Lechera Asturiana sin lactosa brik 1 l.,"1,29 €","1,05 €/l",https://www.carrefour.es/supermercado/kefir-pastoret-500-g-pastoret/R-prod66389/p
La-despensa,Yogur de fresa y de plátano Carrefour pack de 8 unidades de 125 g.,"2,65 €","0,99 €/kg",https://www.carrefour.es/supermercado/kefir-pastoret-500-g-pastoret/R-prod66389/p
La-despensa,Nidos con espinacas Carrefour 500 g.,"1,15 €","2,30 €/kg",https://www.carrefour.es/supermercado/nidos-con-espinacas-carrefour-500-g-carrefour/R-521005649/p
La-despensa,Almendras crudas sin cáscara sin sal añadida ecológicas Carrefour Bio 90 g.,"1,63 €","18,11 €/kg",https://www.carrefour.es/supermercado/nidos-con-espinacas-carrefour-500-g-carrefour/R-521005649/p
La-despensa,Caldo natural de puchero Aneto sin gluten y sin lactosa pack de 2 briks de 1 l.,"4,08 €","3,10 €/l",https://www.carrefour.es/supermercado/almendras-crudas-sin-cascara-sin-sal-anadida-ecologicas-carrefour-bio-90-g-carrefour-bio/R-prod810741/p
La-despensa,Café molido mezcla Saimaza 500 g.,"1,16 €","8,16 €/kg",https://www.carrefour.es/supermercado/almendras-crudas-sin-cascara-sin-sal-anadida-ecologicas-carrefour-bio-90-g-carrefour-bio/R-prod810741/p
La-despensa,Chocolate blanco Nestlé Milkybar 100 g.,"2,49 €","11,60 €/kg",https://www.carrefour.es/supermercado/caldo-natural-de-puchero-aneto-sin-gluten-y-sin-lactosa-pack-de-2-briks-de-1-l-aneto/R-786081607/p
La-despensa,Mejillones de las rías gallegas en escabeche Calvo 115 g.,"1,36 €","36,09 €/kg",https://www.carrefour.es/supermercado/caldo-natural-de-puchero-aneto-sin-gluten-y-sin-lactosa-pack-de-2-briks-de-1-l-aneto/R-786081607/p
La-despensa,Mini empanadillas caseras de bonito Carrefour 400 g.,"4,25 €","3,40 €/kg",https://www.carrefour.es/supermercado/HuchaPromocion?promoId=huchaDisc420022
La-despensa,Café Espresso Intenso Nescafe Dolce Gusto 16 Cápsulas,"4,95 €","33,20 €/kg",https://www.carrefour.es/supermercado/cafe-molido-mezcla-saimaza-500-g-saimaza/R-prod180266/p
La-despensa,Atún claro al natural Calvo pack de 6 unidades de 56 g.,"1,20 €","14,73 €/kg",https://www.carrefour.es/supermercado/cafe-molido-mezcla-saimaza-500-g-saimaza/R-prod180266/p
La-despensa,Yogur desnatado de frutos del bosque sin azúcar añadido Danone Vitalinea sin gluten pack de 4 unidades de 120 g.,"0,90 €","2,50 €/kg",https://www.carrefour.es/supermercado/chocolate-blanco-nestle-milkybar-100-g-nestle-milkybar/R-prod370538/p
La-despensa,Patatas fritas sabor Campesina Carrefour 150 g.,"1,70 €","6,00 €/kg",https://www.carrefour.es/supermercado/chocolate-blanco-nestle-milkybar-100-g-nestle-milkybar/R-prod370538/p
La-despensa,Pisto de verduras Carrefour 450 g.,"0,86 €","3,78 €/kg",https://www.carrefour.es/supermercado/mejillones-de-las-rias-gallegas-en-escabeche-calvo-115-g-calvo/R-521006418/p
La-despensa,Tiburón vegetal Carrefour 500 g.,"1,90 €","1,72 €/kg",https://www.carrefour.es/supermercado/mejillones-de-las-rias-gallegas-en-escabeche-calvo-115-g-calvo/R-521006418/p
La-despensa,Yogur bífidus desnatado edulcorado natural Danone Activia pack de 4 unidades de 120 g.,"0,99 €","3,80 €/kg",https://www.carrefour.es/supermercado/mini-empanadillas-caseras-de-bonito-carrefour-400-g-carrefour/R-521033830/p
La-despensa,Pimientos del Piquillo en tiras al ajillo Carrefour 225 g.,"2,10 €","4,40 €/kg",https://www.carrefour.es/supermercado/mini-empanadillas-caseras-de-bonito-carrefour-400-g-carrefour/R-521033830/p
La-despensa,Tomate frito Hida pack de 3 latas de 155 g.,"1,18 €","4,52 €/kg",https://www.carrefour.es/supermercado/cafe-espresso-intenso-nescafe-dolce-gusto-16-capsulas-nescafe-dolce-gusto/R-521029055/p
La-despensa,Tortitas de maíz Carrefour pack de 4 unidades de 33 g.,"0,92 €","8,94 €/kg",https://www.carrefour.es/supermercado/cafe-espresso-intenso-nescafe-dolce-gusto-16-capsulas-nescafe-dolce-gusto/R-521029055/p
La-despensa,Chocolate negro 72% con pepitas de cacao tostadas caramelizadas Carrefour 100 g.,"2,15 €","9,20 €/kg",https://www.carrefour.es/supermercado/atun-claro-al-natural-calvo-pack-de-6-unidades-de-56-g-calvo/R-fprod1370011/p
La-despensa,Quinoa blanca ecológica Carrefour Bio 400 g.,"2,99 €","5,37 €/kg",https://www.carrefour.es/supermercado/atun-claro-al-natural-calvo-pack-de-6-unidades-de-56-g-calvo/R-fprod1370011/p
La-despensa,Yogur L.Casei desnatado líquido natural Danone Actimel pack de 6 unidades de 100 g.,"2,19 €","4,98 €/kg",https://www.carrefour.es/supermercado/yogur-desnatado-de-frutos-del-bosque-sin-azucar-anadido-danone-vitalinea-sin-gluten-pack-de-4-unidades-de-120-g-danone-vitalinea/R-601400876/p
La-despensa,Yogur bífidus desnatado con melocotón Danone Activia pack de 4 unidades de 120 g.,"0,63 €","4,56 €/kg",https://www.carrefour.es/supermercado/yogur-desnatado-de-frutos-del-bosque-sin-azucar-anadido-danone-vitalinea-sin-gluten-pack-de-4-unidades-de-120-g-danone-vitalinea/R-601400876/p
La-despensa,Yogur bífidus natural Carrefour pack de 4 unidades de 125 g.,"1,18 €","1,26 €/kg",https://www.carrefour.es/supermercado/promocion?promoId=promof2550007
La-despensa,Natillas con galleta Reina pack de 4 unidades de 125 g.,"1,50 €","2,36 €/kg",https://www.carrefour.es/supermercado/patatas-fritas-sabor-campesina-carrefour-150-g-carrefour/R-prod1070117/p
La-despensa,Bebida láctea crecimiento y desarrollo Puleva Max brik 1 l.,"1,31 €","1,25 €/l",https://www.carrefour.es/supermercado/bebida-lactea-crecimiento-y-desarrollo-puleva-max-brik-1-l-puleva/R-521030178/p
La-despensa,Galletas María dorada Gullón pack de 3 unidades de 200 g.,"2,55 €","2,18 €/kg",https://www.carrefour.es/supermercado/bebida-lactea-crecimiento-y-desarrollo-puleva-max-brik-1-l-puleva/R-521030178/p
La-despensa,Cereales integrales Chocapic Nestlé 375 g.,"2,65 €","6,80 €/kg",https://www.carrefour.es/supermercado/galletas-maria-dorada-gullon-pack-de-3-unidades-de-200-g-gullon/R-521002690/p
La-despensa,Crema de cacao y leche con avellanas Nocilla sin gluten y sin aceite de palma 360 g.,"1,35 €","7,36 €/kg",https://www.carrefour.es/supermercado/galletas-maria-dorada-gullon-pack-de-3-unidades-de-200-g-gullon/R-521002690/p
La-despensa,Sardinas en aceite de oliva bajo en sal Calvo 84 g.,"1,88 €","16,07 €/kg",https://www.carrefour.es/supermercado/cereales-integrales-chocapic-nestle-375-g-nestle-chocapic/R-768263580/p
La-despensa,Leche entera Pascual pack de 6 briks de 200 ml.,"2,75 €","1,57 €/l",https://www.carrefour.es/supermercado/cereales-integrales-chocapic-nestle-375-g-nestle-chocapic/R-768263580/p
La-despensa,Tomate frito con aceite de oliva Solís pack de 2 tarros de 460 g.,"2,75 €","2,99 €/kg",https://www.carrefour.es/supermercado/promocion?promoId=promof2550035
La-despensa,Pizza de jamón y queso Casa Tarradellas pack de 2 unidades de 220 g.,"1,92 €","6,25 €/kg",https://www.carrefour.es/supermercado/crema-de-cacao-y-leche-con-avellanas-nocilla-sin-gluten-y-sin-aceite-de-palma-360-g-nocilla/R-prod810278/p
La-despensa,Galleta Digestive sin azúcar añadido Diet Nature Gullón 490 g.,"1,17 €","4,80 €/kg",https://www.carrefour.es/supermercado/crema-de-cacao-y-leche-con-avellanas-nocilla-sin-gluten-y-sin-aceite-de-palma-360-g-nocilla/R-prod810278/p
La-despensa,Azúcar moreno de caña integral en azucaritos Azucarera 300 g.,"0,80 €","3,90 €/kg",https://www.carrefour.es/supermercado/sardinas-en-aceite-de-oliva-bajo-en-sal-calvo-84-g-calvo/R-526511057/p
La-despensa,Gelatina de sabores Carrefour pack de 6 unidades de 100 g.,"1,29 €","1,33 €/kg",https://www.carrefour.es/supermercado/sardinas-en-aceite-de-oliva-bajo-en-sal-calvo-84-g-calvo/R-526511057/p
La-despensa,Petit Nestlé Nesquik pack de 6 unidades de 60 g.,"1,66 €","3,58 €/kg",https://www.carrefour.es/supermercado/leche-entera-pascual-pack-de-6-briks-de-200-ml-pascual/R-prod731371/p
La-despensa,Sopa de cocido Gallina Blanca pack de 3 sobres de 77 g.,"5,00 €","8,92 €/kg",https://www.carrefour.es/supermercado/leche-entera-pascual-pack-de-6-briks-de-200-ml-pascual/R-prod731371/p
La-despensa,Maiz Bonduelle sin lactosa pack de 6x140 g.,"1,88 €","5,95 €/kg",https://www.carrefour.es/supermercado/tomate-frito-con-aceite-de-oliva-solis-pack-de-2-tarros-de-460-g-solis/R-prod250029/p
La-despensa,Batido de cacao Cacaolat sin gluten botella 1 l.,"2,85 €","1,88 €/l",https://www.carrefour.es/supermercado/tomate-frito-con-aceite-de-oliva-solis-pack-de-2-tarros-de-460-g-solis/R-prod250029/p
La-despensa,Caldo casero para paella Gallina Blanca 1 l.,"0,59 €","2,85 €/l",https://www.carrefour.es/supermercado/pizza-de-jamon-y-queso-casa-tarradellas-pack-de-2-unidades-de-220-g-casa-tarradellas/R-521030221/p
La-despensa,Alubia cocida categoría extra contenido bajo de sal Carrefour 400 g.,"6,65 €","1,48 €/kg",https://www.carrefour.es/supermercado/pizza-de-jamon-y-queso-casa-tarradellas-pack-de-2-unidades-de-220-g-casa-tarradellas/R-521030221/p
La-despensa,Café espresso intenso descafeinado en cápsulas Lor Ristretto 20 ud.,"3,10 €","127,88 €/kg",https://www.carrefour.es/supermercado/galleta-digestive-sin-azucar-anadido-diet-nature-gullon-490-g-gullon/R-526539147/p
La-despensa,Miel de flores antigoteo Carrefour 500 g.,"2,80 €","6,20 €/kg",https://www.carrefour.es/supermercado/galleta-digestive-sin-azucar-anadido-diet-nature-gullon-490-g-gullon/R-526539147/p
La-despensa,Café con leche en cápsulas Nescafé Dolce Gusto 30 unidades de 10 g.,"2,70 €","26,07 €/kg",https://www.carrefour.es/supermercado/azucar-moreno-de-cana-integral-en-azucaritos-azucarera-300-g-azucarera/R-799110792/p
La-despensa,Almendras tostada y salada con piel Carrefour 200 g.,"1,48 €","14,00 €/kg",https://www.carrefour.es/supermercado/azucar-moreno-de-cana-integral-en-azucaritos-azucarera-300-g-azucarera/R-799110792/p
La-despensa,Aceitunas chupadeo Aperitivo 450 g,"2,86 €","5,40 €/kg",https://www.carrefour.es/supermercado/gelatina-de-sabores-carrefour-pack-de-6-unidades-de-100-g-carrefour/R-857400428/p
La-despensa,Petit de fresa Carrefour Kids pack de 6 unidades de 50 g.,"0,54 €","1,80 €/kg",https://www.carrefour.es/supermercado/petit-de-fresa-carrefour-kids-pack-de-6-unidades-de-50-g-carrefour-kids/R-804031865/p
La-despensa,Yogur semidesnatado líquido de piña y coco Carrefour 1 kg.,"1,16 €","1,16 €/kg",https://www.carrefour.es/supermercado/petit-de-fresa-carrefour-kids-pack-de-6-unidades-de-50-g-carrefour-kids/R-804031865/p
La-despensa,Aderezo de limón Carrefour 250 ml.,"0,78 €","3,12 €/l",https://www.carrefour.es/supermercado/yogur-semidesnatado-liquido-de-pina-y-coco-carrefour-1-kg-carrefour/R-fprod1210088/p
La-despensa,Espaguetis vegetales Carrefour 500 g.,"0,84 €","1,68 €/kg",https://www.carrefour.es/supermercado/yogur-semidesnatado-liquido-de-pina-y-coco-carrefour-1-kg-carrefour/R-fprod1210088/p
La-despensa,Yogur natural Danone Original pack de 2 unidades de 135 g.,"1,19 €","4,41 €/kg",https://www.carrefour.es/supermercado/promocion?promoId=promof2530093
La-despensa,Patatas fritas light Frit Ravich si lactosa 130 g.,"1,40 €","11,20 €/kg",https://www.carrefour.es/supermercado/aderezo-de-limon-carrefour-250-ml-carrefour/R-fprod1280602/p
La-despensa,Nata para cocinar Central Lechera Asturiana sin lactosa 200 ml.,"1,23 €","6,15 €/l",https://www.carrefour.es/supermercado/aderezo-de-limon-carrefour-250-ml-carrefour/R-fprod1280602/p
La-despensa,Pizza barbacoa La Originale Palacios 400 g.,"2,80 €","7,00 €/kg",https://www.carrefour.es/supermercado/espaguetis-vegetales-carrefour-500-g-carrefour/R-521005659/p
La-despensa,"Leche semidesnatada Celta brik 1,5 l.","0,99 €","0,73 €/l",https://www.carrefour.es/supermercado/espaguetis-vegetales-carrefour-500-g-carrefour/R-521005659/p
La-despensa,Leche semidesnatada Kaiku sin lactosa brik 1 l.,"1,99 €","0,99 €/l",https://www.carrefour.es/supermercado/yogur-natural-danone-original-pack-de-2-unidades-de-135-g-danone-original/R-521029819/p
La-despensa,Galletas de chocolate cho leche Estrellas Príncipe 225 g.,"1,49 €","8,84 €/kg",https://www.carrefour.es/supermercado/yogur-natural-danone-original-pack-de-2-unidades-de-135-g-danone-original/R-521029819/p
La-despensa,Bebida láctea desnatada Omega 3 Puleva con nueces brik 1 l.,"1,44 €","1,49 €/l",https://www.carrefour.es/supermercado/patatas-fritas-light-frit-ravich-si-lactosa-130-g-frit-ravich/R-530066848/p
La-despensa,Guisantes extra finos ecológico Carrefour Bio 230 g.,"0,95 €","6,26 €/kg",https://www.carrefour.es/supermercado/patatas-fritas-light-frit-ravich-si-lactosa-130-g-frit-ravich/R-530066848/p
La-despensa,Salsa boloñesa Carrefour sin gluten tarro 300 g.,"3,69 €","3,17 €/kg",https://www.carrefour.es/supermercado/nata-para-cocinar-central-lechera-asturiana-sin-lactosa-200-ml-central-lechera-asturiana/R-790114381/p
La-despensa,Yogur líquido natural sin azúcar añadido Danone Danacol pack de 6 unidades de 100 g.,"0,85 €","6,15 €/kg",https://www.carrefour.es/supermercado/nata-para-cocinar-central-lechera-asturiana-sin-lactosa-200-ml-central-lechera-asturiana/R-790114381/p
La-despensa,Salsa de soja Heinz botella 150 ml.,"3,17 €","8,87 €/l",https://www.carrefour.es/supermercado/pizza-barbacoa-la-originale-palacios-400-g-palacios-la-originale/R-854001645/p
La-despensa,Bebida de almendras zero Almond Breeze sin gluten brik 1 l.,"2,15 €","1,79 €/l",https://www.carrefour.es/supermercado/pizza-barbacoa-la-originale-palacios-400-g-palacios-la-originale/R-854001645/p
La-despensa,Tomate triturado Cidacos 400 g.,"1,72 €","2,12 €/kg",https://www.carrefour.es/supermercado/leche-semidesnatada-celta-brik-1-5-l-celta/R-521007067/p
La-despensa,Pizza de atún fina y crujiente Forno Di Pietra Buitoni 360 g.,"1,24 €","8,81 €/kg",https://www.carrefour.es/supermercado/leche-semidesnatada-celta-brik-1-5-l-celta/R-521007067/p
La-despensa,Aceite de oliva virgen extra Carrefour spray 200 ml.,"2,80 €","10,75 €/l",https://www.carrefour.es/supermercado/leche-semidesnatada-kaiku-sin-lactosa-brik-1-l-kaiku-sin-lactosa/R-526715384/p
La-despensa,Atún claro en aceite de girasol Carrefour pack de 3 latas de 52 g.,"2,82 €","11,03 €/kg",https://www.carrefour.es/supermercado/leche-semidesnatada-kaiku-sin-lactosa-brik-1-l-kaiku-sin-lactosa/R-526715384/p
La-despensa,MAIZ DULCE CARREFOUR ECO 160GR,"0,99 €","6,19 €/kg",https://www.carrefour.es/supermercado/maiz-dulce-carrefour-eco-160gr-carrefour-bio/R-529043203/p
La-despensa,Mantequilla Central Lechera Asturiana sin lactosa 250 g.,"2,39 €","9,56 €/kg",https://www.carrefour.es/supermercado/maiz-dulce-carrefour-eco-160gr-carrefour-bio/R-529043203/p
La-despensa,Pimiento del piquillo relleno de bacalao congelados 400 g,"3,95 €","9,87 €/kg",https://www.carrefour.es/supermercado/mantequilla-central-lechera-asturiana-sin-lactosa-250-g-central-lechera-asturiana/R-835752307/p
La-despensa,Galletas integrales María Carrefour 800 g.,"0,95 €","1,19 €/kg",https://www.carrefour.es/supermercado/mantequilla-central-lechera-asturiana-sin-lactosa-250-g-central-lechera-asturiana/R-835752307/p
La-despensa,"Ajetes, Trigueros, Gambas Carrefour 450 g.","2,40 €","5,33 €/kg",https://www.carrefour.es/supermercado/pimiento-del-piquillo-relleno-de-bacalao-congelados-400-g-carrefour/R-525964626/p
La-despensa,"Café extra fuerte en cápsulas Carrefour compatible con Nespresso 30 unidades de 5,2 g.","5,05 €","32,37 €/kg",https://www.carrefour.es/supermercado/pimiento-del-piquillo-relleno-de-bacalao-congelados-400-g-carrefour/R-525964626/p
La-despensa,Yogur bífidus con pera Danone Activia pack de 4 unidades de 120 g.,"2,19 €","4,56 €/kg",https://www.carrefour.es/supermercado/galletas-integrales-maria-carrefour-800-g-carrefour/R-812936349/p
La-despensa,Bonito del norte en aceite de oliva Carrefour pack de 3 latas de 52 g.,"1,95 €","12,50 €/kg",https://www.carrefour.es/supermercado/galletas-integrales-maria-carrefour-800-g-carrefour/R-812936349/p
La-despensa,Mousse de chocolate crujiente Nestlé Gold pack de 4 unidades de 57 g.,"0,60 €","8,11 €/kg",https://www.carrefour.es/supermercado/ajetes-trigueros-gambas-carrefour-450-g-carrefour/R-521031697/p
La-despensa,Galletas rellenas de crema Black&Roll Carrefour 220 g.,"0,79 €","2,73 €/kg",https://www.carrefour.es/supermercado/ajetes-trigueros-gambas-carrefour-450-g-carrefour/R-521031697/p
La-despensa,Pasta infantil vegetal Carrefour Kids 500 g.,"0,59 €","1,58 €/kg",https://www.carrefour.es/supermercado/cafe-extra-fuerte-en-capsulas-carrefour-compatible-con-nespresso-30-unidades-de-5-2-g-carrefour/R-823818469/p
La-despensa,Comino molido Carrefour 45 g.,"3,80 €","13,11 €/kg",https://www.carrefour.es/supermercado/cafe-extra-fuerte-en-capsulas-carrefour-compatible-con-nespresso-30-unidades-de-5-2-g-carrefour/R-823818469/p
La-despensa,Croquetas de jamón ibérico La Cocinera 400 g.,"1,90 €","9,50 €/kg",https://www.carrefour.es/supermercado/yogur-bifidus-con-pera-danone-activia-pack-de-4-unidades-de-120-g-danone-activia/R-521029584/p
La-despensa,Alubia pinta categoría extra Carrefour 1 kg.,"1,48 €","1,90 €/kg",https://www.carrefour.es/supermercado/yogur-bifidus-con-pera-danone-activia-pack-de-4-unidades-de-120-g-danone-activia/R-521029584/p
La-despensa,Bebida de soja natural ViveSoy brik 1 l.,"2,15 €","1,48 €/l",https://www.carrefour.es/supermercado/promocion?promoId=promof2550007
La-despensa,Chocolate negro 85% ecológico Suchard 90 g.,"2,83 €","23,89 €/kg",https://www.carrefour.es/supermercado/bonito-del-norte-en-aceite-de-oliva-carrefour-pack-de-3-latas-de-52-g-carrefour/R-prod630003/p
La-despensa,Huevos M camperos Quien es el Jefe 12 ud.,"1,82 €","2,83 €/docena",https://www.carrefour.es/supermercado/bonito-del-norte-en-aceite-de-oliva-carrefour-pack-de-3-latas-de-52-g-carrefour/R-prod630003/p
La-despensa,Pizza 4 quesos Carrefour 340 g.,"2,19 €","5,35 €/kg",https://www.carrefour.es/supermercado/mousse-de-chocolate-crujiente-nestle-gold-pack-de-4-unidades-de-57-g-nestle-gold/R-737516123/p
La-despensa,Yogur bífidus desnatado con lima y limón Danone Activia pack de 4 unidades de 120 g.,"1,65 €","4,56 €/kg",https://www.carrefour.es/supermercado/mousse-de-chocolate-crujiente-nestle-gold-pack-de-4-unidades-de-57-g-nestle-gold/R-737516123/p
La-despensa,Arroz blanco precocido Carrefour pack de 6 unidades de 167 g.,"2,20 €","1,65 €/kg",https://www.carrefour.es/supermercado/promocion?promoId=promof2530055
La-despensa,Aceitunas negras sin hueso Serpis pack de 2 latas de 85 g.,"2,05 €","12,94 €/kg",https://www.carrefour.es/supermercado/galletas-rellenas-de-crema-blackroll-carrefour-220-g-carrefour/R-840300661/p
La-despensa,Yogur L.Casei líquido con fresa Sanus Carrefour pack de 12 unidades de 100 g.,"0,48 €","1,71 €/kg",https://www.carrefour.es/supermercado/galletas-rellenas-de-crema-blackroll-carrefour-220-g-carrefour/R-840300661/p
La-despensa,Cebolla granulada Carrefour 30 g.,"2,75 €","16,00 €/kg",https://www.carrefour.es/supermercado/pasta-infantil-vegetal-carrefour-kids-500-g-carrefour-kids/R-fprod1180170/p
La-despensa,Caldo de hortalizas Carrefour sin gluten 1 l.,"0,82 €","0,82 €/l",https://www.carrefour.es/supermercado/caldo-de-hortalizas-carrefour-sin-gluten-1-l-carrefour/R-521005791/p
La-despensa,"Pizza de salami, mozzarella y pesto Ristorante Dr. Oetker 360 g.","1,48 €","9,64 €/kg",https://www.carrefour.es/supermercado/caldo-de-hortalizas-carrefour-sin-gluten-1-l-carrefour/R-521005791/p
La-despensa,Galletas Princesa Artiach 120 g.,"0,54 €","12,33 €/kg",https://www.carrefour.es/supermercado/pizza-de-salami-mozzarella-y-pesto-ristorante-dr-oetker-360-g-dr-oetker-ristorante/R-795705184/p
La-despensa,Pimentón dulce Carrefour 45 g.,"1,40 €","12,00 €/kg",https://www.carrefour.es/supermercado/pizza-de-salami-mozzarella-y-pesto-ristorante-dr-oetker-360-g-dr-oetker-ristorante/R-795705184/p
La-despensa,Petit de fresa Carrefour Kids en bolsitas pack de 4 unidades de 90 g.,"0,95 €","3,89 €/kg",https://www.carrefour.es/supermercado/promocion?promoId=promof2530111
La-despensa,Cuajada azucarada Carrefour pack de 4 unidades de 125 g.,"1,31 €","1,90 €/kg",https://www.carrefour.es/supermercado/galletas-princesa-artiach-120-g-artiach/R-521012465/p
La-despensa,Pizza barbacoa Campofrío 400 g.,"1,42 €","5,50 €/kg",https://www.carrefour.es/supermercado/galletas-princesa-artiach-120-g-artiach/R-521012465/p
La-despensa,Postre delicias de trufa Nestlé La Lechera pack de 2 unidades de 125 g.,"4,40 €","5,24 €/kg",https://www.carrefour.es/supermercado/pimenton-dulce-carrefour-45-g-carrefour/R-prod710283/p
La-despensa,Caldo de pollo Gallina Blanca 10 pastillas,"0,82 €","14,20 €/kg",https://www.carrefour.es/supermercado/pimenton-dulce-carrefour-45-g-carrefour/R-prod710283/p
La-despensa,Atún claro en aceite de oliva Carrefour 130 g.,"1,85 €","23,00 €/kg",https://www.carrefour.es/supermercado/petit-de-fresa-carrefour-kids-en-bolsitas-pack-de-4-unidades-de-90-g-carrefour-kids/R-614801774/p
La-despensa,Aceitunas verdes rellenas de anchoa La Española pack de 3 latas de 150 g.,"0,74 €","9,78 €/kg",https://www.carrefour.es/supermercado/petit-de-fresa-carrefour-kids-en-bolsitas-pack-de-4-unidades-de-90-g-carrefour-kids/R-614801774/p
La-despensa,Macarrones ecológicos Carrefour Bio 500 g.,"1,66 €","1,64 €/kg",https://www.carrefour.es/supermercado/cuajada-azucarada-carrefour-pack-de-4-unidades-de-125-g-carrefour/R-696405266/p
La-despensa,Patatas fritas artesanas en aceite de oliva Lay's sin gluten 160 g.,"0,87 €","11,56 €/kg",https://www.carrefour.es/supermercado/cuajada-azucarada-carrefour-pack-de-4-unidades-de-125-g-carrefour/R-696405266/p
La-despensa,Estrellas de maíz crujientes Carrefour 65 g.,"4,55 €","11,38 €/kg",https://www.carrefour.es/supermercado/pizza-barbacoa-campofrio-400-g-campofrio/R-521030202/p
La-despensa,Yogur líquido de fresa y plátano Danone 550 g.,"2,64 €","3,02 €/kg",https://www.carrefour.es/supermercado/pizza-barbacoa-campofrio-400-g-campofrio/R-521030202/p
La-despensa,Tortitas de arroz integrales ecológicas Carrefour Bio 100 g.,"1,88 €","8,70 €/kg",https://www.carrefour.es/supermercado/promocion?promoId=promof2530065
La-despensa,Atún claro en aceite de oliva Isabel sin lactosa pack de 6 latas de 52 g.,"3,29 €","14,58 €/kg",https://www.carrefour.es/supermercado/postre-delicias-de-trufa-nestle-la-lechera-pack-de-2-unidades-de-125-g-nestle-la-lechera/R-772505553/p
La-despensa,Pizza de atún y bacon Casa Tarradellas 405 g.,"1,09 €","6,52 €/kg",https://www.carrefour.es/supermercado/postre-delicias-de-trufa-nestle-la-lechera-pack-de-2-unidades-de-125-g-nestle-la-lechera/R-772505553/p
La-despensa,Yogur desnatado cremoso natural edulcorado sin azúcar añadido Danone Vitalinea pack de 4 unidades de 120 g.,"0,99 €","3,92 €/kg",https://www.carrefour.es/supermercado/caldo-de-pollo-gallina-blanca-10-pastillas-gallina-blanca/R-521005855/p
La-despensa,Ravioli de crema de calabaza y cebolla caramelizada Rana de la Huerta 250 g.,"3,69 €","13,16 €/kg",https://www.carrefour.es/supermercado/caldo-de-pollo-gallina-blanca-10-pastillas-gallina-blanca/R-521005855/p
La-despensa,Galletas con pepitas de chocolate sin azúcar añadido Diet Nature Gullón 125 g.,"1,50 €","12,00 €/kg",https://www.carrefour.es/supermercado/galletas-con-pepitas-de-chocolate-sin-azucar-anadido-diet-nature-gullon-125-g-gullon/R-521002769/p
La-despensa,Spaghetti nº5 integral Barilla 500 g.,"1,67 €","3,34 €/kg",https://www.carrefour.es/supermercado/galletas-con-pepitas-de-chocolate-sin-azucar-anadido-diet-nature-gullon-125-g-gullon/R-521002769/p
La-despensa,Margarina con sal Tulipan 500 g.,"1,69 €","3,38 €/kg",https://www.carrefour.es/supermercado/spaghetti-n5-integral-barilla-500-g-barilla/R-720619037/p
La-despensa,Cereales integrales con caramelo y chocolate Lion Nestlé 675 g.,"3,95 €","5,85 €/kg",https://www.carrefour.es/supermercado/spaghetti-n5-integral-barilla-500-g-barilla/R-720619037/p
La-despensa,Hummus light Carrefour sin gluten 240 g.,"1,25 €","5,21 €/kg",https://www.carrefour.es/supermercado/HuchaPromocion?promoId=huchaDisc420054
La-despensa,Pizza carbonara fina y crujiente forno di pietra Buitoni 300 g.,"3,17 €","10,57 €/kg",https://www.carrefour.es/supermercado/margarina-con-sal-tulipan-500-g-tulipan/R-751901907/p
La-despensa,Galletas de chocolate rellenas de crema bañadas en chocolate blancoo Oreo 246 g.,"2,18 €","8,86 €/kg",https://www.carrefour.es/supermercado/margarina-con-sal-tulipan-500-g-tulipan/R-751901907/p
La-despensa,Aceitunas verdes rellenas de anchoa Serpis 150 g.,"1,69 €","11,27 €/kg",https://www.carrefour.es/supermercado/cereales-integrales-con-caramelo-y-chocolate-lion-nestle-675-g-nestle-lion/R-714001806/p
La-despensa,Penne rigate Barilla 1 kg.,"2,85 €","2,85 €/kg",https://www.carrefour.es/supermercado/cereales-integrales-con-caramelo-y-chocolate-lion-nestle-675-g-nestle-lion/R-714001806/p
La-despensa,Alubia pinta categoría extra Luengo 1 kg.,"3,06 €","3,06 €/kg",https://www.carrefour.es/supermercado/promocion?promoId=promof2550035
La-despensa,Espaguetis ecológicos Carrefour Bio 500 g.,"0,82 €","1,64 €/kg",https://www.carrefour.es/supermercado/hummus-light-carrefour-sin-gluten-240-g-carrefour/R-fprod1340004/p
La-despensa,Pipas de girasol contenido bajo de sal Carrefour 125 g.,"0,87 €","6,96 €/kg",https://www.carrefour.es/supermercado/hummus-light-carrefour-sin-gluten-240-g-carrefour/R-fprod1340004/p
La-despensa,Pisto fritada de verduras Hida 350 g.,"1,36 €","3,89 €/kg",https://www.carrefour.es/supermercado/pizza-carbonara-fina-y-crujiente-forno-di-pietra-buitoni-300-g-buitoni/R-732408760/p
La-despensa,Pimientos rojos enteros y pelados Carrefour pack de 3 unidades de 60 g.,"1,12 €","6,22 €/kg",https://www.carrefour.es/supermercado/pizza-carbonara-fina-y-crujiente-forno-di-pietra-buitoni-300-g-buitoni/R-732408760/p
La-despensa,Atún claro en aceite de girasol Calvo pack de 6 unidades de 52 g.,"5,09 €","16,31 €/kg",https://www.carrefour.es/supermercado/promocion?promoId=promof2530067
La-despensa,Alubia blanca cocida ecológica Pedro Luis 425 g.,"2,80 €","5,60 €/kg",https://www.carrefour.es/supermercado/galletas-de-chocolate-rellenas-de-crema-banadas-en-chocolate-blancoo-oreo-246-g-oreo/R-590209299/p
La-despensa,Yogur con fresas Danone Original pack de 2 unidades de 135 g.,"1,19 €","4,25 €/kg",https://www.carrefour.es/supermercado/galletas-de-chocolate-rellenas-de-crema-banadas-en-chocolate-blancoo-oreo-246-g-oreo/R-590209299/p
La-despensa,Cacao soluble natural Valor 250 g.,"1,31 €","14,20 €/kg",https://www.carrefour.es/supermercado/promocion?promoId=promof2530119
La-despensa,Patatas fritas al punto de sal Lay's sin gluten y sin lactosa 160 g.,"0,57 €","8,19 €/kg",https://www.carrefour.es/supermercado/aceitunas-verdes-rellenas-de-anchoa-serpis-150-g-serpis/R-521003875/p
La-despensa,Garbanzos cocidos Carrefour 200 g.,"1,59 €","2,85 €/kg",https://www.carrefour.es/supermercado/aceitunas-verdes-rellenas-de-anchoa-serpis-150-g-serpis/R-521003875/p
La-despensa,Caldo de carne en pastillas Avecrem sin gluten 20 ud.,"2,64 €","7,95 €/kg",https://www.carrefour.es/supermercado/penne-rigate-barilla-1-kg-barilla/R-530363478/p
La-despensa,Pizza barbacoa Casa Tarradellas 440 g.,"3,60 €","6,07 €/kg",https://www.carrefour.es/supermercado/penne-rigate-barilla-1-kg-barilla/R-530363478/p
La-despensa,"Ravioli de trufa, setas y queso Rana 250 g.","3,06 €","14,40 €/kg",https://www.carrefour.es/supermercado/alubia-pinta-categoria-extra-luengo-1-kg-luengo/R-522713752/p
La-despensa,Maíz contenido bajo de sal y sin azúcar añadidos Carrefour pack de 3 unidades de 140 g.,"1,70 €","4,05 €/kg",https://www.carrefour.es/supermercado/maiz-contenido-bajo-de-sal-y-sin-azucar-anadidos-carrefour-pack-de-3-unidades-de-140-g-carrefour/R-530014631/p
La-despensa,Mejillones en escabeche Cuca 69 g.,"1,66 €","49,28 €/kg",https://www.carrefour.es/supermercado/maiz-contenido-bajo-de-sal-y-sin-azucar-anadidos-carrefour-pack-de-3-unidades-de-140-g-carrefour/R-530014631/p
La-despensa,Garbanzos con espinacas Litoral 425 g.,"1,46 €","3,91 €/kg",https://www.carrefour.es/supermercado/mejillones-en-escabeche-cuca-69-g-cuca/R-521006410/p
La-despensa,Aceitunas verdes manzanilla con hueso Carrefour 500 g.,"1,95 €","2,92 €/kg",https://www.carrefour.es/supermercado/mejillones-en-escabeche-cuca-69-g-cuca/R-521006410/p
La-despensa,Tomate frito con aceite de oliva Carrefour tarro 350 g.,"1,11 €","4,11 €/kg",https://www.carrefour.es/supermercado/promocion?promoId=promof2530054
La-despensa,Mayonesa Ligeresa tarro 450 ml.,"1,42 €","4,33 €/l",https://www.carrefour.es/supermercado/garbanzos-con-espinacas-litoral-425-g-litoral/R-757607343/p
La-despensa,Alubia blanca cocida La Asturiana 400 g.,"1,29 €","2,77 €/kg",https://www.carrefour.es/supermercado/garbanzos-con-espinacas-litoral-425-g-litoral/R-757607343/p
La-despensa,Cuscús grano mediano Gallo 500 g.,"0,70 €","2,84 €/kg",https://www.carrefour.es/supermercado/aceitunas-verdes-manzanilla-con-hueso-carrefour-500-g/R-VC4AECOMM-488088/p
La-despensa,Leche semidesnatada ecológica Puleva brik 1 l.,"1,04 €","1,29 €/l",https://www.carrefour.es/supermercado/aceitunas-verdes-manzanilla-con-hueso-carrefour-500-g/R-VC4AECOMM-488088/p
La-despensa,Leche entera con calcio Carrefour brik 1 l.,"2,51 €","0,70 €/l",https://www.carrefour.es/supermercado/tomate-frito-con-aceite-de-oliva-carrefour-tarro-350-g-carrefour/R-600805297/p
La-despensa,Bebida de arroz original sin azúcar añadido Alpro Central Lechera Asturiana brik 1 l.,"6,65 €","1,04 €/l",https://www.carrefour.es/supermercado/tomate-frito-con-aceite-de-oliva-carrefour-tarro-350-g-carrefour/R-600805297/p
La-despensa,Mayonesa Ligeresa pack de 3 tarros de 210 ml.,"1,99 €","3,98 €/l",https://www.carrefour.es/supermercado/mayonesa-ligeresa-tarro-450-ml-ligeresa/R-521012507/p
La-despensa,"Café sontuoso en cápsulas L'Or Espresso compatible con Nespresso 20 unidades de 5,2 g.","3,50 €","63,94 €/kg",https://www.carrefour.es/supermercado/mayonesa-ligeresa-tarro-450-ml-ligeresa/R-521012507/p
La-despensa,Vino para cocinar Carrefour 75 cl.,"0,88 €","2,65 €/l",https://www.carrefour.es/supermercado/alubia-blanca-cocida-la-asturiana-400-g-la-asturiana/R-prod260131/p
La-despensa,Almendras crudas Carrefour 200 g.,"1,36 €","17,50 €/kg",https://www.carrefour.es/supermercado/alubia-blanca-cocida-la-asturiana-400-g-la-asturiana/R-prod260131/p
La-despensa,Chocolate con leche Milka 125 g.,"2,25 €","7,04 €/kg",https://www.carrefour.es/supermercado/promocion?promoId=promof2530061
La-despensa,Tomate frito Hida sin gluten y sin lactosa tarro 350 g.,"3,60 €","3,89 €/kg",https://www.carrefour.es/supermercado/cuscus-grano-mediano-gallo-500-g-gallo/R-521005574/p
La-despensa,Maíz dulce Cidacos pack de 3 unidades de 140 g.,"1,24 €","4,50 €/kg",https://www.carrefour.es/supermercado/cuscus-grano-mediano-gallo-500-g-gallo/R-521005574/p
La-despensa,Anchoas en aceite de oliva Consorcio 50 g.,"1,68 €","81,03 €/kg",https://www.carrefour.es/supermercado/leche-semidesnatada-ecologica-puleva-brik-1-l-puleva/R-625735708/p
La-despensa,Infusión en bolsitas Duerme Bien Pompadour 20 ud.,"2,50 €","51,14 €/kg",https://www.carrefour.es/supermercado/leche-semidesnatada-ecologica-puleva-brik-1-l-puleva/R-625735708/p
La-despensa,Leche condensada Carrefour 450 g.,"1,35 €","3,00 €/kg",https://www.carrefour.es/supermercado/leche-condensada-carrefour-450-g-carrefour/R-521003207/p
La-despensa,Cacao soluble Cola Cao 1600 g.,"9,24 €","5,78 €/kg",https://www.carrefour.es/supermercado/leche-condensada-carrefour-450-g-carrefour/R-521003207/p
La-despensa,Torreznos de cerdo Carrefour sin gluten 110 g.,"1,29 €","11,73 €/kg",https://www.carrefour.es/supermercado/cacao-soluble-cola-cao-1600-g-cola-cao/R-551802063/p
La-despensa,Yogur de fresa con grageas de chocolate Nestlé Smarties pack de 2 unidades de 128 g.,"1,50 €","5,86 €/kg",https://www.carrefour.es/supermercado/cacao-soluble-cola-cao-1600-g-cola-cao/R-551802063/p
La-despensa,Aceitunas negras sin hueso bajo contenido en sal Carrefour 150 g.,"0,99 €","6,60 €/kg",https://www.carrefour.es/supermercado/torreznos-de-cerdo-carrefour-sin-gluten-110-g-carrefour/R-590211123/p
La-despensa,Alubias cocidas en salsa de tomate Heinz 420 g.,"0,80 €","1,90 €/kg",https://www.carrefour.es/supermercado/torreznos-de-cerdo-carrefour-sin-gluten-110-g-carrefour/R-590211123/p
La-despensa,Galletas de mantequilla con chocolate Carrefour 150 g.,"0,88 €","5,87 €/kg",https://www.carrefour.es/supermercado/yogur-de-fresa-con-grageas-de-chocolate-nestle-smarties-pack-de-2-unidades-de-128-g-nestle-smarties/R-638901810/p
La-despensa,Nuez mondada Carrefour tarrina 150 g,"3,25 €","21,67 €/kg",https://www.carrefour.es/supermercado/yogur-de-fresa-con-grageas-de-chocolate-nestle-smarties-pack-de-2-unidades-de-128-g-nestle-smarties/R-638901810/p
La-despensa,Atún en aceite de girasol Isabel sin lactosa pack de 3 latas de 52 g.,"2,10 €","13,46 €/kg",https://www.carrefour.es/supermercado/aceitunas-negras-sin-hueso-bajo-contenido-en-sal-carrefour-150-g/R-VC4AECOMM-488259/p
La-despensa,Ravioli de ricotta y espinacas al huevo Carrefour 250 g.,"1,59 €","6,36 €/kg",https://www.carrefour.es/supermercado/aceitunas-negras-sin-hueso-bajo-contenido-en-sal-carrefour-150-g/R-VC4AECOMM-488259/p
La-despensa,Galletas Mini The Simpson Siro 275 g.,"1,93 €","9,65 €/kg",https://www.carrefour.es/supermercado/alubias-cocidas-en-salsa-de-tomate-heinz-420-g-heinz/R-521029345/p
La-despensa,Mermelada de fresa categoría extra Carrefour 410 g.,"0,99 €","2,41 €/kg",https://www.carrefour.es/supermercado/alubias-cocidas-en-salsa-de-tomate-heinz-420-g-heinz/R-521029345/p
La-despensa,Galletas María sin azúcar añadido Diet Nature Gullón 400 g.,"1,93 €","4,82 €/kg",https://www.carrefour.es/supermercado/galletas-de-mantequilla-con-chocolate-carrefour-150-g-carrefour/R-680901948/p
La-despensa,Yogur semidesnatado líquido de fresa y plátano Carrefour Kids pack de 6 unidades de 100 g.,"1,45 €","2,42 €/kg",https://www.carrefour.es/supermercado/galletas-de-mantequilla-con-chocolate-carrefour-150-g-carrefour/R-680901948/p
La-despensa,Yogur bífidus natural Danone Activia pack de 4 unidades de 120 g.,"1,90 €","3,80 €/kg",https://www.carrefour.es/supermercado/nuez-mondada-carrefour-tarrina-150-g-carrefour/R-prod1070665/p
La-despensa,Bombones de chocolate con leche y avellana Ferrero Rocher 30 ud.,"7,42 €","19,79 €/kg",https://www.carrefour.es/supermercado/nuez-mondada-carrefour-tarrina-150-g-carrefour/R-prod1070665/p
La-despensa,Salsa de soja Kikkoman 250 ml.,"3,30 €","13,20 €/l",https://www.carrefour.es/supermercado/atun-en-aceite-de-girasol-isabel-sin-lactosa-pack-de-3-latas-de-52-g-isabel/R-521006122/p
La-despensa,Atún claro al natural Carrefour pack de 3 latas de 104 g.,"3,95 €","11,76 €/kg",https://www.carrefour.es/supermercado/atun-en-aceite-de-girasol-isabel-sin-lactosa-pack-de-3-latas-de-52-g-isabel/R-521006122/p
La-despensa,Chocolate con leche Lindt 125 g.,"1,25 €","10,00 €/kg",https://www.carrefour.es/supermercado/ravioli-de-ricotta-y-espinacas-al-huevo-carrefour-250-g-carrefour/R-prod500137/p
La-despensa,Tallarines a la parmesana Gallina Blanca 145 g.,"1,99 €","13,72 €/kg",https://www.carrefour.es/supermercado/ravioli-de-ricotta-y-espinacas-al-huevo-carrefour-250-g-carrefour/R-prod500137/p
La-despensa,Café con leche descafeinado en cápsulas Nescafé Dolce Gusto 16 ud.,"4,25 €","26,56 €/kg",https://www.carrefour.es/supermercado/galletas-mini-the-simpson-siro-275-g-siro/R-521015025/p
La-despensa,Tempura 5 verduras Carrefour 400 g.,"1,87 €","4,67 €/kg",https://www.carrefour.es/supermercado/galletas-mini-the-simpson-siro-275-g-siro/R-521015025/p
La-despensa,"Crema de calabaza, zanahoria y guisantes Knorr 1 l.","3,05 €","3,05 €/l",https://www.carrefour.es/supermercado/mermelada-de-fresa-categoria-extra-carrefour-410-g-carrefour/R-521003422/p
La-despensa,Croquetas cabrales Carrefour 500 g.,"0,99 €","1,98 €/kg",https://www.carrefour.es/supermercado/mermelada-de-fresa-categoria-extra-carrefour-410-g-carrefour/R-521003422/p
La-despensa,Yogur azucarado natural Danone pack de 4 unidades de 120 g.,"2,29 €","2,00 €/kg",https://www.carrefour.es/supermercado/yogur-azucarado-natural-danone-pack-de-4-unidades-de-120-g-danone/R-521029405/p
La-despensa,Patatas fritas sabor jamón ibérico gourmet Lay's 150 g.,"3,20 €","15,27 €/kg",https://www.carrefour.es/supermercado/yogur-azucarado-natural-danone-pack-de-4-unidades-de-120-g-danone/R-521029405/p
La-despensa,Callos a la Madrileña Litoral 380 g.,"1,49 €","8,42 €/kg",https://www.carrefour.es/supermercado/patatas-fritas-sabor-jamon-iberico-gourmet-lays-150-g/R-VC4AECOMM-500731/p
La-despensa,Arroz largo integral ecológico Carrefour Bio 500 g.,"1,80 €","2,98 €/kg",https://www.carrefour.es/supermercado/patatas-fritas-sabor-jamon-iberico-gourmet-lays-150-g/R-VC4AECOMM-500731/p
La-despensa,Manzanilla en bolsitas Hornimans 25 ud.,"1,82 €","16,36 €/kg",https://www.carrefour.es/supermercado/promocion?promoId=promof2530071
La-despensa,Patatas fritas sal marina y trufa negra gourmet Lay's 150 g.,"1,06 €","14,33 €/kg",https://www.carrefour.es/supermercado/callos-a-la-madrilena-litoral-380-g-litoral/R-521006747/p
La-despensa,Cereales con chocolate Stylesse Carrefour 500 g.,"0,99 €","3,64 €/kg",https://www.carrefour.es/supermercado/callos-a-la-madrilena-litoral-380-g-litoral/R-521006747/p
La-despensa,Piccolinis 3 quesos Buitoni pack de 3 unidades de 90 g.,"0,99 €","10,56 €/kg",https://www.carrefour.es/supermercado/arroz-largo-integral-ecologico-carrefour-bio-500-g/R-VC4AECOMM-430722/p
La-despensa,Tomate natural triturado extra al estilo casero Orlando 400 g.,"1,15 €","2,65 €/kg",https://www.carrefour.es/supermercado/arroz-largo-integral-ecologico-carrefour-bio-500-g/R-VC4AECOMM-430722/p
La-despensa,Leche condensada Nestlé - La Lechera 450 g.,"1,67 €","4,89 €/kg",https://www.carrefour.es/supermercado/manzanilla-en-bolsitas-hornimans-25-ud-hornimans/R-521003132/p
La-despensa,Leche desnatada 0% MG Puleva sin lactosa botella 1 l.,"1,55 €","0,99 €/l",https://www.carrefour.es/supermercado/manzanilla-en-bolsitas-hornimans-25-ud-hornimans/R-521003132/p
La-despensa,Tomate natural triturado extra Orlando 800 g.,"3,89 €","1,24 €/kg",https://www.carrefour.es/supermercado/patatas-fritas-sal-marina-y-trufa-negra-gourmet-lays-150-g-lays/R-prod970562/p
La-despensa,Fideo nº0 Gallo 675 g.,"1,14 €","1,99 €/kg",https://www.carrefour.es/supermercado/patatas-fritas-sal-marina-y-trufa-negra-gourmet-lays-150-g-lays/R-prod970562/p
La-despensa,Mayonesa Hellmann's tarro 225 ml.,"1,50 €","5,11 €/l",https://www.carrefour.es/supermercado/promocion?promoId=promof2530071
La-despensa,Lenteja categoría extra ecológica Carrefour Bio 500 g.,"0,99 €","3,34 €/kg",https://www.carrefour.es/supermercado/cereales-con-chocolate-stylesse-carrefour-500-g-carrefour/R-530363360/p
La-despensa,Margarina con un toque de aceite de oliva Flora sin gluten sin lactosa 250 g.,"1,18 €","6,20 €/kg",https://www.carrefour.es/supermercado/cereales-con-chocolate-stylesse-carrefour-500-g-carrefour/R-530363360/p
La-despensa,Spaghettini al huevo Gallo 450 g.,"1,04 €","2,98 €/kg",https://www.carrefour.es/supermercado/piccolinis-3-quesos-buitoni-pack-de-3-unidades-de-90-g-buitoni/R-521031423/p
La-despensa,Banderillas suaves Carrefour 160 g.,"0,88 €","5,50 €/kg",https://www.carrefour.es/supermercado/banderillas-suaves-carrefour-160-g-carrefour/R-530067496/p
La-despensa,Tortellini de ricotta y espinacas Rana de la Huerta 250 g.,"3,29 €","13,16 €/kg",https://www.carrefour.es/supermercado/banderillas-suaves-carrefour-160-g-carrefour/R-530067496/p
La-despensa,"Chocolate con leche relleno de galleta, leche y chocolate Milka 300 g.","2,65 €","8,83 €/kg",https://www.carrefour.es/supermercado/tortellini-de-ricotta-y-espinacas-rana-de-la-huerta-250-g-rana/R-836134046/p
La-despensa,Té verde en bolsitas Carrefour 30 ud.,"0,78 €","17,33 €/kg",https://www.carrefour.es/supermercado/tortellini-de-ricotta-y-espinacas-rana-de-la-huerta-250-g-rana/R-836134046/p
La-despensa,Salsa barbacoa cero Prima sin gluten envase 325 g.,"1,72 €","5,29 €/kg",https://www.carrefour.es/supermercado/chocolate-con-leche-relleno-de-galleta-leche-y-chocolate-milka-300-g-milka/R-521004407/p
La-despensa,Tomate triturado Cidacos 800 g.,"0,65 €","1,49 €/kg",https://www.carrefour.es/supermercado/chocolate-con-leche-relleno-de-galleta-leche-y-chocolate-milka-300-g-milka/R-521004407/p
La-despensa,Placas para canelones Gallo 160 g.,"1,19 €","3,94 €/kg",https://www.carrefour.es/supermercado/te-verde-en-bolsitas-carrefour-30-ud-carrefour/R-prod690071/p
La-despensa,Pizza bolognese Ristorante Dr. Oetker 375 g.,"1,73 €","9,25 €/kg",https://www.carrefour.es/supermercado/te-verde-en-bolsitas-carrefour-30-ud-carrefour/R-prod690071/p
La-despensa,Bebida láctea semidesnatada fibra Central Lechera Asturiana brik 1 l.,"1,49 €","1,19 €/l",https://www.carrefour.es/supermercado/salsa-barbacoa-cero-prima-sin-gluten-envase-325-g-prima/R-prod393252/p
La-despensa,Puré de patatas Maggi sin gluten 230 g.,"1,71 €","7,52 €/kg",https://www.carrefour.es/supermercado/salsa-barbacoa-cero-prima-sin-gluten-envase-325-g-prima/R-prod393252/p
La-despensa,Penne rigate Barilla 500 g.,"1,25 €","2,98 €/kg",https://www.carrefour.es/supermercado/promocion?promoId=promof2550044
La-despensa,Manzanilla con anís en bolsitas Pompadour 25 ud.,"1,14 €","51,82 €/kg",https://www.carrefour.es/supermercado/tomate-triturado-cidacos-800-g/R-VC4AECOMM-002530/p
La-despensa,Nata para cocinar espesa Président 250 ml.,"2,10 €","5,00 €/l",https://www.carrefour.es/supermercado/tomate-triturado-cidacos-800-g/R-VC4AECOMM-002530/p
La-despensa,Harina para pizza Carrefour 1 kg.,"3,95 €","1,14 €/kg",https://www.carrefour.es/supermercado/promocion?promoId=promof2530107
La-despensa,Patatas fritas al punto de sal Lay's sin gluten y sin lactosa 282 g.,"1,19 €","7,45 €/kg",https://www.carrefour.es/supermercado/placas-para-canelones-gallo-160-g-gallo/R-836507219/p
La-despensa,Avellana repelada tostada sin sal Carrefour tarrina 225 g,"2,09 €","17,56 €/kg",https://www.carrefour.es/supermercado/placas-para-canelones-gallo-160-g-gallo/R-836507219/p
La-despensa,Manzanilla con anís en bolsitas Carrefour 50 ud.,"4,05 €","18,31 €/kg",https://www.carrefour.es/supermercado/pizza-bolognese-ristorante-dr-oetker-375-g-dr-oetker-ristorante/R-674401710/p
La-despensa,Mayonesa Heinz envase 400 g.,"0,79 €","5,22 €/kg",https://www.carrefour.es/supermercado/pizza-bolognese-ristorante-dr-oetker-375-g-dr-oetker-ristorante/R-674401710/p
La-despensa,Canelones de atún La Cocinera 530 g.,"4,05 €","7,64 €/kg",https://www.carrefour.es/supermercado/promocion?promoId=promof2530111
La-despensa,Leche semidesnatada Lauki brik 1 l.,"0,54 €","0,79 €/l",https://www.carrefour.es/supermercado/bebida-lactea-semidesnatada-fibra-central-lechera-asturiana-brik-1-l-central-lechera-asturiana/R-521007026/p
La-despensa,Arroz bomba Sos 1 kg.,"0,85 €","4,05 €/kg",https://www.carrefour.es/supermercado/bebida-lactea-semidesnatada-fibra-central-lechera-asturiana-brik-1-l-central-lechera-asturiana/R-521007026/p
La-despensa,Tomillo Carrefour 18 g.,"1,65 €","30,00 €/kg",https://www.carrefour.es/supermercado/pure-de-patatas-maggi-sin-gluten-230-g-maggi/R-521005869/p
La-despensa,Chocolate negro 74% ecológico Carrefour Bio 100 g.,"1,34 €","13,40 €/kg",https://www.carrefour.es/supermercado/chocolate-negro-74-ecologico-carrefour-bio-100-g-carrefour-bio/R-825914902/p
La-despensa,Mousse natural azucarado Danone pack de 4 unidades de 65 g.,"2,15 €","8,27 €/kg",https://www.carrefour.es/supermercado/chocolate-negro-74-ecologico-carrefour-bio-100-g-carrefour-bio/R-825914902/p
La-despensa,Chocolate negro 85% Lindt Excellence pack de 2 tabletas de 100 g.,"5,95 €","22,40 €/kg",https://www.carrefour.es/supermercado/mousse-natural-azucarado-danone-pack-de-4-unidades-de-65-g-danone/R-772505583/p
La-despensa,Pizza de jamón y queso Campofrío 360 g.,"2,25 €","6,11 €/kg",https://www.carrefour.es/supermercado/mousse-natural-azucarado-danone-pack-de-4-unidades-de-65-g-danone/R-772505583/p
La-despensa,Pistacho tostado Carrefour bolsa de 500 g,"0,33 €","11,90 €/kg",https://www.carrefour.es/supermercado/promocion?promoId=promof2550007
La-despensa,Pasta oriental noodles sabor pollo Maggi Fusian 71 g.,"1,31 €","9,58 €/kg",https://www.carrefour.es/supermercado/chocolate-negro-85-lindt-excellence-pack-de-2-tabletas-de-100-g-lindt-excellence/R-862102733/p
La-despensa,Judias verdes tira Gvtarra 350 g.,"4,25 €","6,43 €/kg",https://www.carrefour.es/supermercado/chocolate-negro-85-lindt-excellence-pack-de-2-tabletas-de-100-g-lindt-excellence/R-862102733/p
La-despensa,Levadura 66 g.,"2,00 €","5,00 €/kg",https://www.carrefour.es/supermercado/HuchaPromocion?promoId=huchaDisc420027
La-despensa,Atún en aceite girasol Calvo pack de 6 latas de 52 g.,"1,46 €","11,83 €/kg",https://www.carrefour.es/supermercado/pizza-de-jamon-y-queso-campofrio-360-g-campofrio/R-521033038/p
La-despensa,Postre delicias de galleta María Nestlé La Lechera pack de 2 unidades de 125 g.,"2,75 €","5,24 €/kg",https://www.carrefour.es/supermercado/pizza-de-jamon-y-queso-campofrio-360-g-campofrio/R-521033038/p
La-despensa,Café espresso intenso descafeinado en cápsulas Néscafe Dolce Gusto 16 ud.,"1,04 €","44,27 €/kg",https://www.carrefour.es/supermercado/promocion?promoId=promof2530065
La-despensa,Batido de vanilla Puleva pack de 6 briks de 200 ml.,"2,09 €","1,67 €/l",https://www.carrefour.es/supermercado/pistacho-tostado-carrefour-bolsa-de-500-g-carrefour/R-prod1130699/p
La-despensa,Flan de clara de huevo Proteína Plus 0% materia grasa sin azúcares añadidos Carrefour sin gluten pack de 2 unidades de 160 g.,"2,00 €","4,56 €/kg",https://www.carrefour.es/supermercado/pistacho-tostado-carrefour-bolsa-de-500-g-carrefour/R-prod1130699/p
La-despensa,Cereales con chocolate belga All Bran Kellogg's 375 g.,"1,13 €","7,33 €/kg",https://www.carrefour.es/supermercado/pasta-oriental-noodles-sabor-pollo-maggi-fusian-71-g-maggi/R-521012562/p
La-despensa,Fabada asturiana Carrefour sin gluten 440 g.,"1,99 €","2,36 €/kg",https://www.carrefour.es/supermercado/pasta-oriental-noodles-sabor-pollo-maggi-fusian-71-g-maggi/R-521012562/p
La-despensa,Yogur natural Pastoret 500 g.,"0,50 €","4,18 €/kg",https://www.carrefour.es/supermercado/HuchaPromocion?promoId=huchaDisc420052
La-despensa,Tomate frito con aceite de oliva virgen extra Orlando sin gluten pack de 3 briks de 210 g.,"1,48 €","3,17 €/kg",https://www.carrefour.es/supermercado/judias-verdes-tira-gvtarra-350-g-gvtarra/R-606700698/p
La-despensa,Crema de calabaza Carrefour sin gluten 500 ml.,"0,88 €","2,26 €/l",https://www.carrefour.es/supermercado/judias-verdes-tira-gvtarra-350-g-gvtarra/R-606700698/p
La-despensa,Yogur desnatado con frambuesa Danone Light&Free pack de 4 unidades de 115 g.,"3,20 €","4,33 €/kg",https://www.carrefour.es/supermercado/levadura-66-g-producto-blanco/R-prod720816/p
La-despensa,Tomate natural pelado Carrefour 240 g.,"1,34 €","2,08 €/kg",https://www.carrefour.es/supermercado/levadura-66-g-producto-blanco/R-prod720816/p
La-despensa,Tortiglioni Barilla 500 g.,"1,49 €","2,98 €/kg",https://www.carrefour.es/supermercado/tortiglioni-barilla-500-g-barilla/R-522713776/p
La-despensa,Harina de trigo integral Gallo 1 kg.,"1,14 €","1,14 €/kg",https://www.carrefour.es/supermercado/tortiglioni-barilla-500-g-barilla/R-522713776/p
La-despensa,Cuscús grano mediano ecológico Carrefour Bio 500 g.,"1,38 €","2,76 €/kg",https://www.carrefour.es/supermercado/harina-de-trigo-integral-gallo-1-kg-gallo/R-728807127/p
La-despensa,Mayonesa casera Calvé 600 ml.,"2,10 €","3,50 €/l",https://www.carrefour.es/supermercado/harina-de-trigo-integral-gallo-1-kg-gallo/R-728807127/p
La-despensa,Bebida de almendra Alpro Central Lechera Asturiana brik 1 l.,"1,79 €","1,79 €/l",https://www.carrefour.es/supermercado/cuscus-grano-mediano-ecologico-carrefour-bio-500-g-carrefour-bio/R-848500306/p
La-despensa,Banderillas picantes Carrefour 160 g.,"0,88 €","5,50 €/kg",https://www.carrefour.es/supermercado/cuscus-grano-mediano-ecologico-carrefour-bio-500-g-carrefour-bio/R-848500306/p
La-despensa,Yogur griego bicapa de plátano y caramelo Carrefour pack de 4 unidades de 125 g.,"1,25 €","2,50 €/kg",https://www.carrefour.es/supermercado/mayonesa-casera-calve-600-ml-calve/R-fprod1280606/p
La-despensa,Yogur griego bicapa de manzana y canela Carrefour pack de 4 unidades de 125 g.,"2,30 €","2,42 €/kg",https://www.carrefour.es/supermercado/mayonesa-casera-calve-600-ml-calve/R-fprod1280606/p
La-despensa,Almendras tostada con piel Frumesa 200 g.,"1,39 €","11,50 €/kg",https://www.carrefour.es/supermercado/bebida-de-almendra-alpro-central-lechera-asturiana-brik-1-l-central-lechera-asturiana/R-698102611/p
La-despensa,Pepinillos agridulces grandes Carrefour 380 g.,"0,90 €","3,66 €/kg",https://www.carrefour.es/supermercado/bebida-de-almendra-alpro-central-lechera-asturiana-brik-1-l-central-lechera-asturiana/R-698102611/p
La-despensa,Kétchup light Carrefour envase 540 g.,"1,05 €","1,67 €/kg",https://www.carrefour.es/supermercado/banderillas-picantes-carrefour-160-g-carrefour/R-526626982/p
La-despensa,Fettuccine al huevo Gallo 450 g.,"1,54 €","2,68 €/kg",https://www.carrefour.es/supermercado/banderillas-picantes-carrefour-160-g-carrefour/R-526626982/p
La-despensa,Sardinillas con tomate Carrefour pack de 2 unidades de 65 g.,"2,20 €","8,08 €/kg",https://www.carrefour.es/supermercado/yogur-griego-bicapa-de-platano-y-caramelo-carrefour-pack-de-4-unidades-de-125-g-carrefour/R-prod690137/p
La-despensa,Mejillones en salsa vieira 13/18 Isabel 69 g.,"3,90 €","22,32 €/kg",https://www.carrefour.es/supermercado/yogur-griego-bicapa-de-platano-y-caramelo-carrefour-pack-de-4-unidades-de-125-g-carrefour/R-prod690137/p
La-despensa,Fideos pollo Yatekomo Gallina Blanca pack de 2 unidades de 110 g.,"0,64 €","20,00 €/kg",https://www.carrefour.es/supermercado/yogur-griego-bicapa-de-manzana-y-canela-carrefour-pack-de-4-unidades-de-125-g-carrefour/R-prod690138/p
La-despensa,Crema de cacao y leche con avellanas Nocilla 780 g.,"1,15 €","5,00 €/kg",https://www.carrefour.es/supermercado/yogur-griego-bicapa-de-manzana-y-canela-carrefour-pack-de-4-unidades-de-125-g-carrefour/R-prod690138/p
La-despensa,Filetes de anchoas en aceite de girasol 26 g.,"1,99 €","24,62 €/kg",https://www.carrefour.es/supermercado/almendras-tostada-con-piel-frumesa-200-g-frumesa/R-856721150/p
La-despensa,Fideos Orientales con pollo Yatekomo Gallina Blanca 60 g.,"1,31 €","19,17 €/kg",https://www.carrefour.es/supermercado/almendras-tostada-con-piel-frumesa-200-g-frumesa/R-856721150/p
La-despensa,Café molido natural 100% Arábica ecológico Carrefour Bio 250 g.,"10,15 €","7,96 €/kg",https://www.carrefour.es/supermercado/pepinillos-agridulces-grandes-carrefour-380-g-carrefour/R-669202502/p
La-despensa,Sardinillas en aceite de oliva Calvo 60 g.,"2,05 €","21,83 €/kg",https://www.carrefour.es/supermercado/pepinillos-agridulces-grandes-carrefour-380-g-carrefour/R-669202502/p
La-despensa,"Café intenso en cápsulas Marcilla compatible con Nespresso 40 unidades de 5,2 g.","0,59 €","48,80 €/kg",https://www.carrefour.es/supermercado/ketchup-light-carrefour-envase-540-g-carrefour/R-712515963/p
La-despensa,Yogur L.Casei líquido con fresa y piña Sanus Carrefour pack de 12 unidades de 100 g.,"4,15 €","1,71 €/kg",https://www.carrefour.es/supermercado/ketchup-light-carrefour-envase-540-g-carrefour/R-712515963/p
La-despensa,Galletas rellenas de crema de chocolate Príncipe 300 g.,"1,66 €","5,53 €/kg",https://www.carrefour.es/supermercado/galletas-rellenas-de-crema-de-chocolate-principe-300-g-principe/R-755505042/p
La-despensa,Galletas rellenas de crema sabor chocolate pack de 3 unidades de 250 g.,"1,05 €","1,40 €/kg",https://www.carrefour.es/supermercado/galletas-rellenas-de-crema-de-chocolate-principe-300-g-principe/R-755505042/p
La-despensa,Atún claro en aceite de oliva Consorcio 135 g.,"3,00 €","27,78 €/kg",https://www.carrefour.es/supermercado/galletas-rellenas-de-crema-sabor-chocolate-pack-de-3-unidades-de-250-g-producto-blanco/R-867101803/p
La-despensa,Tortilla de patata sin cebolla 600 g,"2,00 €","3,00 €/ud",https://www.carrefour.es/supermercado/galletas-rellenas-de-crema-sabor-chocolate-pack-de-3-unidades-de-250-g-producto-blanco/R-867101803/p
La-despensa,Cebolla frita crujiente 150 g,"2,75 €","2,00 €/ud",https://www.carrefour.es/supermercado/atun-claro-en-aceite-de-oliva-consorcio-135-g-consorcio/R-832012750/p
La-despensa,Mantequilla fácil de untar Arias 235 g.,"0,99 €","11,70 €/kg",https://www.carrefour.es/supermercado/atun-claro-en-aceite-de-oliva-consorcio-135-g-consorcio/R-832012750/p
La-despensa,Nuez moscada molida Carrefour 45 g.,"1,85 €","22,00 €/kg",https://www.carrefour.es/supermercado/HuchaPromocion?promoId=huchaDisc420064
La-despensa,Caldo natural de verduras Aneto sin gluten y sin lactosa pack de 2 unidades de 1 l.,"2,29 €","3,10 €/l",https://www.carrefour.es/supermercado/tortilla-de-patata-sin-cebolla-600-g-palacios/R-542002163/p
La-despensa,Pimentón dulce Carmencita 75 g.,"2,90 €","24,67 €/kg",https://www.carrefour.es/supermercado/tortilla-de-patata-sin-cebolla-600-g-palacios/R-542002163/p
La-despensa,Aceitunas verdes rellenas de anchoa La Española pack de 3 latas de 50 g.,"1,97 €","15,27 €/kg",https://www.carrefour.es/supermercado/HuchaPromocion?promoId=huchaDisc440022
La-despensa,Galletas 0% azúcares añadidos Chiquilín 525 g.,"4,05 €","5,52 €/kg",https://www.carrefour.es/supermercado/cebolla-frita-crujiente-150-g-vegenat/R-608100881/p
La-despensa,Yogur desnatado natural Kaiku sin lactosa pack de 4 unidades de 125 g.,"2,00 €","3,26 €/kg",https://www.carrefour.es/supermercado/cebolla-frita-crujiente-150-g-vegenat/R-608100881/p
La-despensa,Anillas a la romana Carrefour 500 g.,"4,55 €","3,94 €/kg",https://www.carrefour.es/supermercado/mantequilla-facil-de-untar-arias-235-g-arias/R-521030152/p
La-despensa,Cacao soluble instantáneo Nestlé Nesquik sin gluten 780 g.,"1,43 €","5,19 €/kg",https://www.carrefour.es/supermercado/mantequilla-facil-de-untar-arias-235-g-arias/R-521030152/p
La-despensa,Mermelada de arándano La Vieja Fábrica 350 g.,"3,69 €","7,02 €/kg",https://www.carrefour.es/supermercado/nuez-moscada-molida-carrefour-45-g-carrefour/R-prod710296/p
La-despensa,Filetes de merluza al huevo Pescanova sin gluten 400 g.,"1,64 €","11,37 €/kg",https://www.carrefour.es/supermercado/nuez-moscada-molida-carrefour-45-g-carrefour/R-prod710296/p
La-despensa,Quinoa blanca y roja Brillante pack de 2 unidades de 125 g.,"1,80 €","5,72 €/kg",https://www.carrefour.es/supermercado/caldo-natural-de-verduras-aneto-sin-gluten-y-sin-lactosa-pack-de-2-unidades-de-1-l-aneto/R-prod1160259/p
La-despensa,Yogur líquido tropical sin azúcar añadido Danone Danacol sin gluten pack de 6 unidades de 100 g.,"1,62 €","6,15 €/kg",https://www.carrefour.es/supermercado/caldo-natural-de-verduras-aneto-sin-gluten-y-sin-lactosa-pack-de-2-unidades-de-1-l-aneto/R-prod1160259/p
La-despensa,Ajo Carrefour 100 g.,"1,25 €","16,40 €/kg",https://www.carrefour.es/supermercado/HuchaPromocion?promoId=huchaDisc420022
La-despensa,Caldo casero de carne Gallina Blanca 1 l.,"1,42 €","1,80 €/l",https://www.carrefour.es/supermercado/pimenton-dulce-carmencita-75-g-carmencita/R-521005012/p
La-despensa,Tomate frito Solis sin gluten y sin lactosa pack 3 de 200 g.,"1,94 €","2,70 €/kg",https://www.carrefour.es/supermercado/pimenton-dulce-carmencita-75-g-carmencita/R-521005012/p
La-despensa,Huevos L Carrefour 6 ud.,"0,95 €","1,90 €/docena",https://www.carrefour.es/supermercado/huevos-l-carrefour-6-ud-carrefour/R-527030902/p
La-despensa,Tortitas de arroz integrales con chocolate Carrefour 130 g.,"1,50 €","11,54 €/kg",https://www.carrefour.es/supermercado/huevos-l-carrefour-6-ud-carrefour/R-527030902/p
La-despensa,Lenteja categoría extra Luengo 1 kg.,"2,90 €","2,90 €/kg",https://www.carrefour.es/supermercado/tortitas-de-arroz-integrales-con-chocolate-carrefour-130-g-carrefour/R-602801604/p
La-despensa,Tortillas mexicanas extra tiernas sin gluten Old El Paso pack de 6 unidades de 36 g.,"1,95 €","9,03 €/kg",https://www.carrefour.es/supermercado/tortitas-de-arroz-integrales-con-chocolate-carrefour-130-g-carrefour/R-602801604/p
La-despensa,Snack de patata ligera Carrefour 150 g.,"0,82 €","5,47 €/kg",https://www.carrefour.es/supermercado/lenteja-categoria-extra-luengo-1-kg-luengo/R-526538841/p
La-despensa,Yogur líquido de fresa Danone 550 g.,"1,66 €","3,02 €/kg",https://www.carrefour.es/supermercado/lenteja-categoria-extra-luengo-1-kg-luengo/R-526538841/p
La-despensa,Caldo para paella Carrefour sin gluten 1 l.,"1,95 €","1,95 €/l",https://www.carrefour.es/supermercado/tortillas-mexicanas-extra-tiernas-sin-gluten-old-el-paso-pack-de-6-unidades-de-36-g-old-el-paso/R-prod730699/p
La-despensa,Chocolate con leche relleno de oreo Milka 100 g.,"0,90 €","9,00 €/kg",https://www.carrefour.es/supermercado/tortillas-mexicanas-extra-tiernas-sin-gluten-old-el-paso-pack-de-6-unidades-de-36-g-old-el-paso/R-prod730699/p
La-despensa,"Leche entera Celta brik 1,5 l.","0,86 €","0,73 €/l",https://www.carrefour.es/supermercado/snack-de-patata-ligera-carrefour-150-g-carrefour/R-521003715/p
La-despensa,Mostaza Orlando envase 290 g.,"1,19 €","2,87 €/kg",https://www.carrefour.es/supermercado/snack-de-patata-ligera-carrefour-150-g-carrefour/R-521003715/p
La-despensa,Galletas con canela Carrefour 470 g.,"1,34 €","2,53 €/kg",https://www.carrefour.es/supermercado/yogur-liquido-de-fresa-danone-550-g-danone/R-769008456/p
La-despensa,Crema de cacao con avellanas Carrefour sin gluten 400 g.,"1,83 €","3,35 €/kg",https://www.carrefour.es/supermercado/yogur-liquido-de-fresa-danone-550-g-danone/R-769008456/p
La-despensa,Salsa Boloñesa ideal pasta Gallo sin gluten tarro 400 g.,"1,24 €","4,57 €/kg",https://www.carrefour.es/supermercado/promocion?promoId=promof2550007
La-despensa,Ciruelas sin hueso Carrefour 200 g.,"2,39 €","6,20 €/kg",https://www.carrefour.es/supermercado/caldo-para-paella-carrefour-sin-gluten-1-l-carrefour/R-prod630039/p
La-despensa,Ajo granulado Carrefour 350 g.,"1,53 €","6,83 €/kg",https://www.carrefour.es/supermercado/caldo-para-paella-carrefour-sin-gluten-1-l-carrefour/R-prod630039/p
La-despensa,Gelatina sabor fresa Royal 400 g.,"1,27 €","3,83 €/kg",https://www.carrefour.es/supermercado/chocolate-con-leche-relleno-de-oreo-milka-100-g-milka/R-624903444/p
La-despensa,Nueces peladas ecológicas Carrefour Bio 90 g.,"0,68 €","14,11 €/kg",https://www.carrefour.es/supermercado/chocolate-con-leche-relleno-de-oreo-milka-100-g-milka/R-624903444/p
La-despensa,Sopa de cebolla Knorr 50 g.,"1,55 €","13,60 €/kg",https://www.carrefour.es/supermercado/leche-entera-celta-brik-1-5-l-celta/R-521006982/p
La-despensa,Ketchup cero Prima sin gluten envase 325 g.,"1,65 €","4,77 €/kg",https://www.carrefour.es/supermercado/leche-entera-celta-brik-1-5-l-celta/R-521006982/p
La-despensa,Pipas de calabaza crudas y peladas sin sal añadida Carrefour 150 g.,"2,80 €","11,00 €/kg",https://www.carrefour.es/supermercado/mostaza-orlando-envase-290-g-orlando/R-520661029/p
La-despensa,Tomate frito casero Hida pack de 2 unidades de 460 g.,"2,90 €","3,04 €/kg",https://www.carrefour.es/supermercado/mostaza-orlando-envase-290-g-orlando/R-520661029/p
La-despensa,Tortellinide jamón y queso Rana 250 g.,"1,13 €","11,60 €/kg",https://www.carrefour.es/supermercado/galletas-con-canela-carrefour-470-g-carrefour/R-823818698/p
La-despensa,Crema de verduras de la huerta Carrefour sin gluten 500 ml.,"1,99 €","2,26 €/l",https://www.carrefour.es/supermercado/galletas-con-canela-carrefour-470-g-carrefour/R-823818698/p
La-despensa,Pimentón dulce De Nuestra Tierra 70 g.,"2,10 €","30,00 €/kg",https://www.carrefour.es/supermercado/pimenton-dulce-de-nuestra-tierra-70-g-de-nuestra-tierra/R-521005008/p
La-despensa,Mostaza a la antigua Maille tarro 210 g.,"2,40 €","11,43 €/kg",https://www.carrefour.es/supermercado/pimenton-dulce-de-nuestra-tierra-70-g-de-nuestra-tierra/R-521005008/p
La-despensa,Cereales integrales con chocolate negro Fitness Nestlé 600 g.,"0,51 €","6,33 €/kg",https://www.carrefour.es/supermercado/mostaza-a-la-antigua-maille-tarro-210-g-maille/R-521029221/p
La-despensa,Maravilla Carrefour 500 g.,"3,55 €","1,02 €/kg",https://www.carrefour.es/supermercado/mostaza-a-la-antigua-maille-tarro-210-g-maille/R-521029221/p
La-despensa,Chocolate negro 70% con almendras enteras Valor sin gluten 250 g.,"1,20 €","14,20 €/kg",https://www.carrefour.es/supermercado/cereales-integrales-con-chocolate-negro-fitness-nestle-600-g-nestle-fitness/R-703704091/p
La-despensa,Café molido natural descafeinado Carrefour 250 g.,"2,75 €","4,80 €/kg",https://www.carrefour.es/supermercado/cereales-integrales-con-chocolate-negro-fitness-nestle-600-g-nestle-fitness/R-703704091/p
La-despensa,Cereales integrales con miel Estrellitas Nestlé 450 g.,"1,25 €","6,11 €/kg",https://www.carrefour.es/supermercado/promocion?promoId=promof2530097
La-despensa,Yogur griego bicapa de fresa Carrefour pack de 4 unidades de 125 g.,"2,60 €","2,50 €/kg",https://www.carrefour.es/supermercado/maravilla-carrefour-500-g-carrefour/R-544101806/p
La-despensa,Galletas con pepitas de chocolate Mini Chips Ahoy 320 g.,"4,15 €","8,12 €/kg",https://www.carrefour.es/supermercado/maravilla-carrefour-500-g-carrefour/R-544101806/p
La-despensa,Bocados originales de Heüra sin gluten 160 g.,"1,82 €","25,94 €/kg",https://www.carrefour.es/supermercado/chocolate-negro-70-con-almendras-enteras-valor-sin-gluten-250-g-valor/R-526539451/p
La-despensa,Pizza de peperoni ahumado Carrefour 320 g.,"2,15 €","5,69 €/kg",https://www.carrefour.es/supermercado/chocolate-negro-70-con-almendras-enteras-valor-sin-gluten-250-g-valor/R-526539451/p
La-despensa,Galletas maría 0% azúcares Dorada Marbú 400 g.,"1,49 €","5,37 €/kg",https://www.carrefour.es/supermercado/cafe-molido-natural-descafeinado-carrefour-250-g-carrefour/R-521003002/p
La-despensa,Farfalle Barilla 500 g.,"1,09 €","2,98 €/kg",https://www.carrefour.es/supermercado/cafe-molido-natural-descafeinado-carrefour-250-g-carrefour/R-521003002/p
La-despensa,"Petit de plátano, de fresa y de melocotón Danonino sin gluten pack de 6 unidades de 50 g.","1,06 €","3,63 €/kg",https://www.carrefour.es/supermercado/cereales-integrales-con-miel-estrellitas-nestle-450-g-nestle/R-618404810/p
La-despensa,Garbanzo cocido La Asturiana 400 g.,"1,32 €","2,70 €/kg",https://www.carrefour.es/supermercado/cereales-integrales-con-miel-estrellitas-nestle-450-g-nestle/R-618404810/p
La-despensa,Harina de avena integral Carrefour 500 g.,"1,13 €","2,12 €/kg",https://www.carrefour.es/supermercado/promocion?promoId=promof2550035
La-despensa,"Leche semidesnatada fresca Carrefour botella 1,5 l.","2,09 €","0,88 €/l",https://www.carrefour.es/supermercado/yogur-griego-bicapa-de-fresa-carrefour-pack-de-4-unidades-de-125-g-carrefour/R-641302318/p
La-despensa,Nachos sabor queso Carrefour 200 g.,"2,39 €","5,65 €/kg",https://www.carrefour.es/supermercado/yogur-griego-bicapa-de-fresa-carrefour-pack-de-4-unidades-de-125-g-carrefour/R-641302318/p
La-despensa,Pipas Supremas Facundo sin gluten 120 g.,"2,05 €","17,42 €/kg",https://www.carrefour.es/supermercado/galletas-con-pepitas-de-chocolate-mini-chips-ahoy-320-g-chips-ahoy/R-prod810852/p
La-despensa,Tomate seco ecológico en aceite de oliva Emperatriz 155 g.,"0,80 €","29,87 €/kg",https://www.carrefour.es/supermercado/galletas-con-pepitas-de-chocolate-mini-chips-ahoy-320-g-chips-ahoy/R-prod810852/p
La-despensa,Fabada asturiana 30% menos de sal y grasa Litoral 435 g.,"2,39 €","4,71 €/kg",https://www.carrefour.es/supermercado/bocados-originales-de-heura-sin-gluten-160-g/R-VC4AECOMM-436407/p
La-despensa,Yogur desnatado con trozos de piña sin azúcar añadido Carrefour pack de 4 unidades de 125 g.,"2,60 €","1,60 €/kg",https://www.carrefour.es/supermercado/bocados-originales-de-heura-sin-gluten-160-g/R-VC4AECOMM-436407/p
La-despensa,"Cacao soluble original Cola Cao 2,7 kg.","12,00 €","4,44 €/kg",https://www.carrefour.es/supermercado/cacao-soluble-original-cola-cao-2-7-kg-cola-cao/R-530014255/p
La-despensa,Aceite de oliva virgen extra Carrefour 3 l.,"9,45 €","3,15 €/l",https://www.carrefour.es/supermercado/cacao-soluble-original-cola-cao-2-7-kg-cola-cao/R-530014255/p
La-despensa,Cóctel frutos secos sin sal Carrefour tarrina 150 g,"2,25 €","15,00 €/kg",https://www.carrefour.es/supermercado/aceite-de-oliva-virgen-extra-carrefour-3-l-carrefour/R-fprod1260018/p
La-despensa,Chocolate negro Nestlé Dolca sin gluten 100 g.,"0,42 €","6,40 €/kg",https://www.carrefour.es/supermercado/aceite-de-oliva-virgen-extra-carrefour-3-l-carrefour/R-fprod1260018/p
La-despensa,Tallarines Carrefour 500 g.,"3,17 €","0,84 €/kg",https://www.carrefour.es/supermercado/coctel-frutos-secos-sin-sal-carrefour-tarrina-150-g-carrefour/R-prod1070728/p
La-despensa,Pizza de jamón y champiñones fina y crujiente Forno Di Pietra Buitoni 350 g.,"3,15 €","9,06 €/kg",https://www.carrefour.es/supermercado/coctel-frutos-secos-sin-sal-carrefour-tarrina-150-g-carrefour/R-prod1070728/p
La-despensa,Fresas Carrefour Classic 650 g.,"4,50 €","4,85 €/kg",https://www.carrefour.es/supermercado/chocolate-negro-nestle-dolca-sin-gluten-100-g-nestle-dolca/R-prod1000705/p
La-despensa,Galletas María Fontaneda 1800 g.,"0,99 €","2,50 €/kg",https://www.carrefour.es/supermercado/chocolate-negro-nestle-dolca-sin-gluten-100-g-nestle-dolca/R-prod1000705/p
La-despensa,Leche entera Pascual sin lactosa brik 1 l.,"2,90 €","0,99 €/l",https://www.carrefour.es/supermercado/HuchaPromocion?promoId=huchaDisc420026
La-despensa,Porras fritas 320 g.,"0,78 €","9,06 €/kg",https://www.carrefour.es/supermercado/tallarines-carrefour-500-g-carrefour/R-544101808/p
La-despensa,Kétchup Hellmann's envase 430 g.,"2,60 €","3,47 €/l",https://www.carrefour.es/supermercado/tallarines-carrefour-500-g-carrefour/R-544101808/p
La-despensa,Alubia blanca cocida categoría extra La Cochura 540 g.,"19,60 €","1,44 €/kg",https://www.carrefour.es/supermercado/pizza-de-jamon-y-champinones-fina-y-crujiente-forno-di-pietra-buitoni-350-g-buitoni/R-800766406/p
La-despensa,Salsa barbacoa Heinz envase 400 ml.,"2,85 €","6,50 €/l",https://www.carrefour.es/supermercado/pizza-de-jamon-y-champinones-fina-y-crujiente-forno-di-pietra-buitoni-350-g-buitoni/R-800766406/p
La-despensa,"Cacao soluble instantáneo Nestlé Nesquik sin gluten 5,70 Kg.","2,19 €","3,92 €/kg",https://www.carrefour.es/supermercado/promocion?promoId=promof2530067
La-despensa,Fusilli Barilla 1 kg.,"2,99 €","2,85 €/kg",https://www.carrefour.es/supermercado/fresas-carrefour-classic-650-g-carrefour/R-prod830022/p
La-despensa,Pizza de pollo Ristorante Dr. Oetker 355 g.,"2,50 €","9,77 €/kg",https://www.carrefour.es/supermercado/fresas-carrefour-classic-650-g-carrefour/R-prod830022/p
La-despensa,Galletas de chocolate rellenas de crema Oreo 154 g.,"1,28 €","6,43 €/kg",https://www.carrefour.es/supermercado/galletas-maria-fontaneda-1800-g-fontaneda/R-521002672/p
La-despensa,Yogur bífidus con frutos del bosque Danone Activia pack de 4 unidades de 120 g.,"2,64 €","4,56 €/kg",https://www.carrefour.es/supermercado/galletas-maria-fontaneda-1800-g-fontaneda/R-521002672/p
La-despensa,"Yogur líquido con granada, arándanos y extracto de maca L.Casei Danone Actimel pack de 6 unidades de 100 g.","2,10 €","4,98 €/kg",https://www.carrefour.es/supermercado/leche-entera-pascual-sin-lactosa-brik-1-l-pascual/R-666301781/p
Bebidas,Coca Cola light lata 33 cl.,"0,75 €","2,27 €/l",https://www.carrefour.es/supermercado/coca-cola-light-lata-33-cl-coca-cola/R-520660521/p
Bebidas,Fanta de naranja pack 9 latas de 33 cl.,"4,77 €","1,61 €/l",https://www.carrefour.es/supermercado/fanta-de-naranja-pack-9-latas-de-33-cl-fanta/R-664810926/p
Bebidas,Agua mineral Aquarel 5 l.,"1,19 €","0,24 €/l",https://www.carrefour.es/supermercado/fanta-de-naranja-pack-9-latas-de-33-cl-fanta/R-664810926/p
Bebidas,Cerveza Mahou 5 Estrellas especial pack de 12 latas de 33 cl.,"8,16 €","2,06 €/l",https://www.carrefour.es/supermercado/agua-mineral-aquarel-5-l-aquarel/R-521028190/p
Bebidas,Vino Carrefour blanco Carrefour brik 1 l.,"0,72 €","0,72 €/l",https://www.carrefour.es/supermercado/agua-mineral-aquarel-5-l-aquarel/R-521028190/p
Bebidas,Coca Cola zero azúcar lata 33 cl.,"0,75 €","2,27 €/l",https://www.carrefour.es/supermercado/cerveza-mahou-5-estrellas-especial-pack-de-12-latas-de-33-cl-mahou-5-estrellas/R-521013498/p
Bebidas,"Cerveza Mahou 0,0 sin alcohol tostada pack de 12 latas de 33 cl.","7,62 €","1,92 €/l",https://www.carrefour.es/supermercado/cerveza-mahou-5-estrellas-especial-pack-de-12-latas-de-33-cl-mahou-5-estrellas/R-521013498/p
Bebidas,Zumo de naranja Carrefour con pulpa brik 1 l.,"0,99 €","0,99 €/l",https://www.carrefour.es/supermercado/vino-carrefour-blanco-carrefour-brik-1-l-carrefour/R-prod880829/p
Bebidas,Cerveza Mahou 5 Estrellas especial pack de 28 latas de 33 cl.,"16,55 €","1,79 €/l",https://www.carrefour.es/supermercado/vino-carrefour-blanco-carrefour-brik-1-l-carrefour/R-prod880829/p
Bebidas,Coca Cola lata 33 cl.,"0,75 €","2,27 €/l",https://www.carrefour.es/supermercado/coca-cola-zero-azucar-lata-33-cl-coca-cola/R-520660495/p
Bebidas,Agua mineral Carrefour natural 2 l.,"0,35 €","0,17 €/l",https://www.carrefour.es/supermercado/coca-cola-zero-azucar-lata-33-cl-coca-cola/R-520660495/p
Bebidas,"Agua mineral Lanjarón 6,25 l.","1,99 €","0,32 €/l",https://www.carrefour.es/supermercado/cerveza-mahou-0-0-sin-alcohol-tostada-pack-de-12-latas-de-33-cl-mahou/R-prod1060211/p
Bebidas,"Agua mineral con gas Carrefour natural 1,25 l.","0,26 €","0,21 €/l",https://www.carrefour.es/supermercado/cerveza-mahou-0-0-sin-alcohol-tostada-pack-de-12-latas-de-33-cl-mahou/R-prod1060211/p
Bebidas,Cerveza Alhambra Reserva 1925 pack de 12 botellas de 33 cl.,"13,03 €","3,29 €/l",https://www.carrefour.es/supermercado/zumo-de-naranja-carrefour-con-pulpa-brik-1-l-carrefour/R-823705656/p
Bebidas,Zumo de fruta y leche Carrefour Tropical pack de 6 briks de 20 cl.,"0,76 €","0,63 €/l",https://www.carrefour.es/supermercado/zumo-de-naranja-carrefour-con-pulpa-brik-1-l-carrefour/R-823705656/p
Bebidas,Cerveza Alhambra tradicional pack de 12 latas de 33 cl.,"6,72 €","1,70 €/l",https://www.carrefour.es/supermercado/cerveza-mahou-5-estrellas-especial-pack-de-28-latas-de-33-cl-mahou-5-estrellas/R-520661305/p
Bebidas,Coca Cola pack 6 botellas 2 l.,"10,02 €","0,83 €/l",https://www.carrefour.es/supermercado/cerveza-mahou-5-estrellas-especial-pack-de-28-latas-de-33-cl-mahou-5-estrellas/R-520661305/p
Bebidas,Cerveza 1906 reserva especial lata 33 cl.,"0,72 €","2,18 €/l",https://www.carrefour.es/supermercado/coca-cola-lata-33-cl-coca-cola/R-520660459/p
Bebidas,"Coca Cola zero azúcar pack 2 botellas 1,25 l.","2,64 €","1,06 €/l",https://www.carrefour.es/supermercado/coca-cola-lata-33-cl-coca-cola/R-520660459/p
Bebidas,"Gaseosa Carrefour con edulcorantes botella 1,5 l.","0,28 €","0,19 €/l",https://www.carrefour.es/supermercado/agua-mineral-carrefour-natural-2-l-carrefour/R-520661068/p
Bebidas,Zumo de manzana Carrefour brik 1 l.,"0,59 €","0,59 €/l",https://www.carrefour.es/supermercado/agua-mineral-carrefour-natural-2-l-carrefour/R-520661068/p
Bebidas,Aquarius sabor limón zero botella 1.5 l.,"1,72 €","1,15 €/l",https://www.carrefour.es/supermercado/agua-mineral-lanjaron-6-25-l-lanjaron/R-632901988/p
Bebidas,Agua mineral Aquabona 5 l.,"0,75 €","0,19 €/l",https://www.carrefour.es/supermercado/agua-mineral-lanjaron-6-25-l-lanjaron/R-632901988/p
Bebidas,Coca Cola zero azúcar zero cafeína lata 33 cl.,"3,10 €","2,27 €/l",https://www.carrefour.es/supermercado/promocion?promoId=promof2550007
Bebidas,Zumo tropical Carrefour sin azúcar añadido brik 1 l.,"0,63 €","0,63 €/l",https://www.carrefour.es/supermercado/zumo-tropical-carrefour-sin-azucar-anadido-brik-1-l-carrefour/R-prod730838/p
Bebidas,Coca Cola light pack 24 latas 33 cl.,"17,04 €","2,15 €/l",https://www.carrefour.es/supermercado/zumo-tropical-carrefour-sin-azucar-anadido-brik-1-l-carrefour/R-prod730838/p
Bebidas,Cerveza Estrella Galicia especial pack 20 botellas 20 cl.,"8,50 €","2,12 €/l",https://www.carrefour.es/supermercado/coca-cola-light-pack-24-latas-33-cl-coca-cola/R-521028141/p
Bebidas,Vino blanco Carrefour pack de 3 briks de 20 cl.,"1,06 €","1,77 €/l",https://www.carrefour.es/supermercado/coca-cola-light-pack-24-latas-33-cl-coca-cola/R-521028141/p
Bebidas,Bebida de piña Carrefour sin azúcar añadido brik 1 l.,"3,18 €","0,59 €/l",https://www.carrefour.es/supermercado/cerveza-estrella-galicia-especial-pack-20-botellas-20-cl-estrella-galicia/R-717314084/p
Bebidas,Fanta de naranja zero azúcares añadidos pack 6 latas 33 cl.,"2,82 €","1,61 €/l",https://www.carrefour.es/supermercado/cerveza-estrella-galicia-especial-pack-20-botellas-20-cl-estrella-galicia/R-717314084/p
Bebidas,Refresco de naranja Fanta con gas pack de 2 botellas de 2 l.,"1,18 €","0,70 €/l",https://www.carrefour.es/supermercado/vino-blanco-carrefour-pack-de-3-briks-de-20-cl-carrefour/R-546003439/p
Bebidas,Agua mineral con gas Vichy Catalán natural 1 l.,"2,64 €","1,18 €/l",https://www.carrefour.es/supermercado/vino-blanco-carrefour-pack-de-3-briks-de-20-cl-carrefour/R-546003439/p
Bebidas,"Coca Cola pack 2 botellas 1,25 L.","11,42 €","1,06 €/l",https://www.carrefour.es/supermercado/bebida-de-pina-carrefour-sin-azucar-anadido-brik-1-l-carrefour/R-prod730839/p
Bebidas,Cerveza Carrefour Especial pack de 12 latas de 33 cl.,"0,80 €","0,73 €/l",https://www.carrefour.es/supermercado/bebida-de-pina-carrefour-sin-azucar-anadido-brik-1-l-carrefour/R-prod730839/p
Bebidas,Cerveza Heineken Lager pack de 18 latas de 33 cl.,"0,79 €","1,92 €/l",https://www.carrefour.es/supermercado/HuchaPromocion?promoId=huchaDisc420079
Bebidas,Zumo de frutas y leche Carrefour sabor mediterráneo pack de 6 briks de 20 cl.,"2,80 €","0,67 €/l",https://www.carrefour.es/supermercado/fanta-de-naranja-zero-azucares-anadidos-pack-6-latas-33-cl-fanta/R-769403223/p
Bebidas,Tónica Schweppes lata 33 cl.,"0,69 €","2,39 €/l",https://www.carrefour.es/supermercado/fanta-de-naranja-zero-azucares-anadidos-pack-6-latas-33-cl-fanta/R-769403223/p
Bebidas,Vino D.O. Rueda blanco verdejo Dama del Lago 75 cl.,"0,57 €","2,80 €/ud",https://www.carrefour.es/supermercado/refresco-de-naranja-fanta-con-gas-pack-de-2-botellas-de-2-l-fanta/R-520660539/p
Bebidas,Zumo de naranja y mandarina Carrefour brik 1 l.,"6,85 €","0,69 €/l",https://www.carrefour.es/supermercado/refresco-de-naranja-fanta-con-gas-pack-de-2-botellas-de-2-l-fanta/R-520660539/p
Bebidas,Vino D.O. Rioja tinto crianza Carrizal 75 cl.,"0,26 €","4,20 €/ud",https://www.carrefour.es/supermercado/agua-mineral-con-gas-vichy-catalan-natural-1-l-vichy-catalan/R-520661112/p
Bebidas,Fanta de limón zero azúcares añadidos lata 33 cl.,"6,76 €","1,73 €/l",https://www.carrefour.es/supermercado/agua-mineral-con-gas-vichy-catalan-natural-1-l-vichy-catalan/R-520661112/p
Bebidas,Cerveza Mahou 5 Estrellas especial pack de 12 botellas de 25 cl.,"10,02 €","2,28 €/l",https://www.carrefour.es/supermercado/coca-cola-pack-2-botellas-1-25-l/R-VC4AECOMM-510803/p
Bebidas,Agua mineral Carrefour natural 50 cl.,"3,90 €","0,52 €/l",https://www.carrefour.es/supermercado/coca-cola-pack-2-botellas-1-25-l/R-VC4AECOMM-510803/p
Bebidas,Coca Cola pack 4 botellas 2 l.,"3,44 €","0,84 €/l",https://www.carrefour.es/supermercado/cerveza-carrefour-especial-pack-de-12-latas-de-33-cl-carrefour/R-fprod1230035/p
Bebidas,Coca Cola zero azúcar pack 6 botellas 2 l.,"0,61 €","0,83 €/l",https://www.carrefour.es/supermercado/cerveza-carrefour-especial-pack-de-12-latas-de-33-cl-carrefour/R-fprod1230035/p
Bebidas,Zumo de naranja Don Simón sin pulpa brik 1 l.,"1,80 €","1,80 €/l",https://www.carrefour.es/supermercado/zumo-de-naranja-don-simon-sin-pulpa-brik-1-l-don-simon/R-521015668/p
Bebidas,"Zumo de melocotón, manzana y uva Carrefour brik 1 l.","0,58 €","0,58 €/l",https://www.carrefour.es/supermercado/zumo-de-naranja-don-simon-sin-pulpa-brik-1-l-don-simon/R-521015668/p
Bebidas,Cerveza rubia Amstel 100% malta pack de 12 latas de 33 cl.,"6,58 €","1,66 €/l",https://www.carrefour.es/supermercado/zumo-de-melocoton-manzana-y-uva-carrefour-brik-1-l-carrefour/R-820614220/p
Bebidas,Agua mineral Primavera natural 50 cl.,"0,15 €","0,30 €/l",https://www.carrefour.es/supermercado/zumo-de-melocoton-manzana-y-uva-carrefour-brik-1-l-carrefour/R-820614220/p
Bebidas,Coca Cola pack 6 latas 20 cl.,"3,30 €","2,75 €/l",https://www.carrefour.es/supermercado/cerveza-rubia-amstel-100-malta-pack-de-12-latas-de-33-cl-amstel/R-520661326/p
Bebidas,Cerveza rubia Paulaner Weissbier botella 50 cl.,"3,44 €","2,70 €/l",https://www.carrefour.es/supermercado/cerveza-rubia-amstel-100-malta-pack-de-12-latas-de-33-cl-amstel/R-520661326/p
Bebidas,Coca Cola zero azúcar sin cafeína pack 2 botellas 2 l.,"3,22 €","0,86 €/l",https://www.carrefour.es/supermercado/agua-mineral-primavera-natural-50-cl-primavera/R-731386916/p
Bebidas,Zumo tropical Bifturas pack de 9 briks de 20 cl.,"0,24 €","1,79 €/l",https://www.carrefour.es/supermercado/agua-mineral-primavera-natural-50-cl-primavera/R-731386916/p
Bebidas,"Agua mineral Carrefour natural 1,5 l.","6,50 €","0,16 €/l",https://www.carrefour.es/supermercado/coca-cola-pack-6-latas-20-cl/R-VC4AECOMM-436077/p
Bebidas,Pepsi Max Zero pack de 12 latas de 33 cl.,"1,05 €","1,64 €/l",https://www.carrefour.es/supermercado/coca-cola-pack-6-latas-20-cl/R-VC4AECOMM-436077/p
Bebidas,Zumo de manzana Carrefour pack de 6 briks de 20 cl.,"11,47 €","0,88 €/l",https://www.carrefour.es/supermercado/cerveza-rubia-paulaner-weissbier-botella-50-cl-paulaner/R-521028220/p
Bebidas,Cerveza 1906 reserva especial pack 12 botellas 33 cl.,"2,33 €","2,90 €/l",https://www.carrefour.es/supermercado/cerveza-rubia-paulaner-weissbier-botella-50-cl-paulaner/R-521028220/p
Bebidas,Zumo de piña Juver-Disfruta sin azúcar añadido pack de 6 briks de 20 cl.,"6,44 €","1,94 €/l",https://www.carrefour.es/supermercado/coca-cola-zero-azucar-sin-cafeina-pack-2-botellas-2-l-coca-cola/R-811813944/p
Bebidas,"Aquarius sabor limón pack 4 botellas 1,5 l.","0,42 €","1,07 €/l",https://www.carrefour.es/supermercado/coca-cola-zero-azucar-sin-cafeina-pack-2-botellas-2-l-coca-cola/R-811813944/p
Bebidas,"Agua mineral Aquabona 1,5 l.","6,66 €","0,28 €/l",https://www.carrefour.es/supermercado/zumo-tropical-bifturas-pack-de-9-briks-de-20-cl-bifrutas/R-prod73637/p
Bebidas,Bebida Isotónica Aquarius sabor limón pack de 9 latas de 33 cl.,"2,82 €","2,24 €/l",https://www.carrefour.es/supermercado/zumo-tropical-bifturas-pack-de-9-briks-de-20-cl-bifrutas/R-prod73637/p
Bebidas,Fanta de naranja zero azúcares añadidos pack 2 botellas 2 l.,"3,44 €","0,70 €/l",https://www.carrefour.es/supermercado/agua-mineral-carrefour-natural-1-5-l-carrefour/R-520661062/p
Bebidas,Coca Cola zero azúcar pack 2 botellas 2 l.,"2,75 €","0,86 €/l",https://www.carrefour.es/supermercado/agua-mineral-carrefour-natural-1-5-l-carrefour/R-520661062/p
Bebidas,Refresco de cola Pepsi Max zero pack de 2 botellas de 2 l.,"4,86 €","0,69 €/l",https://www.carrefour.es/supermercado/pepsi-max-zero-pack-de-12-latas-de-33-cl/R-VC4AECOMM-471342/p
Bebidas,Fanta de limón pack 9 latas de 33 cl.,"3,32 €","1,64 €/l",https://www.carrefour.es/supermercado/pepsi-max-zero-pack-de-12-latas-de-33-cl/R-VC4AECOMM-471342/p
Bebidas,"Bebida Isotónica Aquarius sabor limón pack de 2 botellas de 1,5 l.","0,54 €","1,11 €/l",https://www.carrefour.es/supermercado/zumo-de-manzana-carrefour-pack-de-6-briks-de-20-cl-carrefour/R-704502395/p
Bebidas,Agua mineral Carrefour natural 5 l.,"14,95 €","0,11 €/l",https://www.carrefour.es/supermercado/zumo-de-manzana-carrefour-pack-de-6-briks-de-20-cl-carrefour/R-704502395/p
Bebidas,Cerveza San Miguel especial Lager pack de 28 latas de 33 cl.,"1,12 €","1,62 €/l",https://www.carrefour.es/supermercado/cerveza-1906-reserva-especial-pack-12-botellas-33-cl-1906/R-762603515/p
Bebidas,Cerveza Alhambra Reserva 1925 pack de 6 botellas de 33 cl.,"6,74 €","3,40 €/l",https://www.carrefour.es/supermercado/cerveza-alhambra-reserva-1925-pack-de-6-botellas-de-33-cl-alhambra/R-526715428/p
Bebidas,"Coca Cola zero azúcar zero cafeína botella 1,25 l.","1,38 €","1,10 €/l",https://www.carrefour.es/supermercado/cerveza-alhambra-reserva-1925-pack-de-6-botellas-de-33-cl-alhambra/R-526715428/p
Bebidas,Vino tinto crianza tempranillo Dehesas del Rey D.O. Ribera del Duero 75 cl.,"0,85 €","6,50 €/ud",https://www.carrefour.es/supermercado/coca-cola-zero-azucar-zero-cafeina-botella-1-25-l-coca-cola/R-prod280207/p
Bebidas,Agua mineral Carrefour natural 8 l.,"1,91 €","0,11 €/l",https://www.carrefour.es/supermercado/coca-cola-zero-azucar-zero-cafeina-botella-1-25-l-coca-cola/R-prod280207/p
Bebidas,Zumo tropical zero sin azúcar añadido Bifrutas sin gluten pack de 6 briks de 200 ml.,"1,16 €","1,59 €/l",https://www.carrefour.es/supermercado/vino-tinto-crianza-tempranillo-dehesas-del-rey-do-ribera-del-duero-75-cl-dehesas-del-rey/R-700507589/p
Bebidas,Vino tinto crianza Bardesano D.O.Ca. Rioja 75 cl.,"1,90 €","4,20 €/ud",https://www.carrefour.es/supermercado/vino-tinto-crianza-tempranillo-dehesas-del-rey-do-ribera-del-duero-75-cl-dehesas-del-rey/R-700507589/p
Bebidas,Agua mineral con gas San Pellegrino 1 l.,"7,25 €","1,16 €/l",https://www.carrefour.es/supermercado/HuchaPromocion?promoId=huchaDisc420144
Bebidas,Sidra El Gaitero achampanada 75 cl,"1,38 €","2,53 €/l",https://www.carrefour.es/supermercado/agua-mineral-carrefour-natural-8-l-carrefour/R-521009490/p
Bebidas,Cerveza Amstel Radler con limón pack de 12 latas de 33 cl.,"9,45 €","1,83 €/l",https://www.carrefour.es/supermercado/agua-mineral-carrefour-natural-8-l-carrefour/R-521009490/p
Bebidas,"Coca Cola botella 1,25 l.","5,92 €","1,10 €/l",https://www.carrefour.es/supermercado/zumo-tropical-zero-sin-azucar-anadido-bifrutas-sin-gluten-pack-de-6-briks-de-200-ml-bifrutas/R-820613954/p
Bebidas,Cerveza Cruzcampo Pilsen pack de 24 botellas de 25 cl.,"0,82 €","1,57 €/l",https://www.carrefour.es/supermercado/zumo-tropical-zero-sin-azucar-anadido-bifrutas-sin-gluten-pack-de-6-briks-de-200-ml-bifrutas/R-820613954/p
Bebidas,Cerveza Estrella Damm mediterránea pack de 12 botellas de 25 cl.,"1,67 €","1,97 €/l",https://www.carrefour.es/supermercado/vino-tinto-crianza-bardesano-doca-rioja-75-cl-bardesano/R-702506805/p
Bebidas,Vino D.O. Rioja tinto crianza Gran Vendema 75 cl.,"1,80 €","4,20 €/ud",https://www.carrefour.es/supermercado/vino-tinto-crianza-bardesano-doca-rioja-75-cl-bardesano/R-702506805/p
Bebidas,Cerveza Mahou Clásica lata 50 cl.,"9,09 €","1,64 €/l",https://www.carrefour.es/supermercado/HuchaPromocion?promoId=huchaDisc420143
Bebidas,Zumo de piña Carrefour exprimido brik 1 l.,"1,72 €","1,67 €/l",https://www.carrefour.es/supermercado/agua-mineral-con-gas-san-pellegrino-1-l-san-pellegrino/R-546307310/p
Bebidas,Zumo de naranja Don Simón exprimido con pulpa brik 1 l.,"0,75 €","1,80 €/l",https://www.carrefour.es/supermercado/agua-mineral-con-gas-san-pellegrino-1-l-san-pellegrino/R-546307310/p
Bebidas,Cerveza Voll Damm doble malta pack de 12 latas de 33 cl.,"0,61 €","2,30 €/l",https://www.carrefour.es/supermercado/sidra-el-gaitero-achampanada-75-cl/R-VC4AECOMM-424243/p
Bebidas,"Bebida Isotónica Aquarius zero sabor naranja botella 1,5 l.","1,67 €","1,15 €/l",https://www.carrefour.es/supermercado/sidra-el-gaitero-achampanada-75-cl/R-VC4AECOMM-424243/p
Bebidas,Zumo de piña Carrefour brik 1 l.,"0,50 €","0,75 €/l",https://www.carrefour.es/supermercado/cerveza-amstel-radler-con-limon-pack-de-12-latas-de-33-cl-amstel-radler/R-824405643/p
Bebidas,Bebida de naranja Carrefour sin azúcar añadido brik 1 l.,"0,56 €","0,61 €/l",https://www.carrefour.es/supermercado/cerveza-amstel-radler-con-limon-pack-de-12-latas-de-33-cl-amstel-radler/R-824405643/p
Bebidas,"Nestea de limón botella 1,5 l.","7,94 €","1,11 €/l",https://www.carrefour.es/supermercado/coca-cola-botella-1-25-l-coca-cola/R-521014651/p
Bebidas,Cerveza Franziskaner Sefe-Weissbier botella 50 cl.,"1,39 €","2,78 €/l",https://www.carrefour.es/supermercado/cerveza-franziskaner-sefe-weissbier-botella-50-cl-franziskaner/R-521028250/p
Bebidas,Cerveza Alhambra Lager especial pack de 12 latas de 33 cl.,"8,04 €","2,03 €/l",https://www.carrefour.es/supermercado/cerveza-franziskaner-sefe-weissbier-botella-50-cl-franziskaner/R-521028250/p
Bebidas,Fanta de limón pack 2 botellas 2 l.,"2,90 €","0,72 €/l",https://www.carrefour.es/supermercado/cerveza-alhambra-lager-especial-pack-de-12-latas-de-33-cl-alhambra/R-618405687/p
Bebidas,Cerveza Mahou Sin alcohol pack de 12 latas de 33 cl.,"6,60 €","1,67 €/l",https://www.carrefour.es/supermercado/cerveza-alhambra-lager-especial-pack-de-12-latas-de-33-cl-alhambra/R-618405687/p
Bebidas,"Cerveza Mahou 0,0 sin alcohol tostada lata 33 cl.","0,64 €","1,94 €/l",https://www.carrefour.es/supermercado/fanta-de-limon-pack-2-botellas-2-l-fanta/R-520660582/p
Bebidas,Vino blanco de mesa Don Simón brik 1 l.,"1,45 €","1,45 €/l",https://www.carrefour.es/supermercado/fanta-de-limon-pack-2-botellas-2-l-fanta/R-520660582/p
Bebidas,"Agua mineral Aquabona 2,5 l.","0,77 €","0,31 €/l",https://www.carrefour.es/supermercado/cerveza-mahou-sin-alcohol-pack-de-12-latas-de-33-cl-mahou-sin/R-562901549/p
Bebidas,Bitter Kas sin alcohol lata de 33 cl.,"0,83 €","2,52 €/l",https://www.carrefour.es/supermercado/cerveza-mahou-sin-alcohol-pack-de-12-latas-de-33-cl-mahou-sin/R-562901549/p
Bebidas,Cerveza Coronita pack de 6 botellas de 21 cl.,"0,53 €","3,37 €/l",https://www.carrefour.es/supermercado/cerveza-mahou-0-0-sin-alcohol-tostada-lata-33-cl-mahou/R-prod290354/p
Bebidas,Agua mineral Font Vella 50 cl.,"6,37 €","1,06 €/l",https://www.carrefour.es/supermercado/cerveza-mahou-0-0-sin-alcohol-tostada-lata-33-cl-mahou/R-prod290354/p
Bebidas,Refresco de té Nestea sabor limón pack de 9 latas de 33 cl.,"5,48 €","2,14 €/l",https://www.carrefour.es/supermercado/vino-blanco-de-mesa-don-simon-brik-1-l-don-simon/R-520661418/p
Bebidas,Zumo de naranja recién exprimido Carrefour 1 l,"0,75 €","2,49 €/l",https://www.carrefour.es/supermercado/vino-blanco-de-mesa-don-simon-brik-1-l-don-simon/R-520661418/p
Bebidas,Refresco de cola Pepsi Max zero pack de 4 botellas de 2 l.,"6,76 €","0,68 €/l",https://www.carrefour.es/supermercado/agua-mineral-aquabona-2-5-l-aquabona/R-546003743/p
Bebidas,Coca Cola sin cafeína lata 33 cl.,"0,48 €","2,27 €/l",https://www.carrefour.es/supermercado/agua-mineral-aquabona-2-5-l-aquabona/R-546003743/p
Bebidas,Coca Cola light pack de 4 botellas de 2 l.,"3,20 €","0,84 €/l",https://www.carrefour.es/supermercado/bitter-kas-sin-alcohol-lata-de-33-cl-kas/R-520660444/p
Bebidas,"Agua mineral Aquarel 1,5 l.","0,22 €","0,32 €/l",https://www.carrefour.es/supermercado/bitter-kas-sin-alcohol-lata-de-33-cl-kas/R-520660444/p
Bebidas,Cerveza Estrella Galicia especial pack de 6 latas de 25 cl.,"4,33 €","2,13 €/l",https://www.carrefour.es/supermercado/cerveza-coronita-pack-de-6-botellas-de-21-cl-coronita/R-540201898/p
Bebidas,Cerveza Koenigsbier 4% lata 33 cl.,"1,65 €","0,67 €/l",https://www.carrefour.es/supermercado/cerveza-coronita-pack-de-6-botellas-de-21-cl-coronita/R-540201898/p
Bebidas,7UP Free sin azúcar pack 9 latas 33 cl.,"0,64 €","1,46 €/l",https://www.carrefour.es/supermercado/agua-mineral-font-vella-50-cl-font-vella/R-520661043/p
Bebidas,"Refresco de naranja Trina sin gas botella 1,5 l.","1,29 €","1,10 €/l",https://www.carrefour.es/supermercado/agua-mineral-font-vella-50-cl-font-vella/R-520661043/p
Bebidas,Zumo de frutas y leche Carrefour sabor tropical brik 1 l.,"0,79 €","0,64 €/l",https://www.carrefour.es/supermercado/promocion?promoId=promof2550007
Bebidas,Agua mineral Solán de Cabras natural 50 cl.,"0,61 €","1,22 €/l",https://www.carrefour.es/supermercado/agua-mineral-solan-de-cabras-natural-50-cl-solan-de-cabras/R-520661045/p
Bebidas,"Zumo de piña, manzana y uva Don Simón pack de 6 briks de 20 cl.","1,65 €","1,37 €/l",https://www.carrefour.es/supermercado/agua-mineral-solan-de-cabras-natural-50-cl-solan-de-cabras/R-520661045/p
Bebidas,Cerveza Leffe botella 33 cl.,"1,58 €","4,79 €/l",https://www.carrefour.es/supermercado/zumo-de-pina-manzana-y-uva-don-simon-pack-de-6-briks-de-20-cl-don-simon/R-520660832/p
Bebidas,Agua mineral Aquarel natural 50 cl.,"0,47 €","0,94 €/l",https://www.carrefour.es/supermercado/zumo-de-pina-manzana-y-uva-don-simon-pack-de-6-briks-de-20-cl-don-simon/R-520660832/p
Bebidas,"Gaseosa La Casera cero azucares y cero caloria botella 1,5 l.","1,00 €","0,67 €/l",https://www.carrefour.es/supermercado/cerveza-leffe-botella-33-cl-leffe/R-520661170/p
Bebidas,Tónica Carrefour lata 33 cl.,"0,23 €","0,70 €/l",https://www.carrefour.es/supermercado/cerveza-leffe-botella-33-cl-leffe/R-520661170/p
Bebidas,"Aquarius sabor naranja pack 4 botellas 1,5 l.","6,44 €","1,07 €/l",https://www.carrefour.es/supermercado/agua-mineral-aquarel-natural-50-cl-aquarel/R-546102594/p
Bebidas,"Coca Cola zero azúcar botella 1,25 l.","1,38 €","1,10 €/l",https://www.carrefour.es/supermercado/agua-mineral-aquarel-natural-50-cl-aquarel/R-546102594/p
Bebidas,Zumo de frutas y leche Carrefour sabor mediterráneo brik 1 l.,"0,64 €","0,64 €/l",https://www.carrefour.es/supermercado/gaseosa-la-casera-cero-azucares-y-cero-caloria-botella-1-5-l-la-casera/R-520660418/p
Bebidas,Agua mineral con gas Perrier 1 l.,"1,20 €","1,20 €/l",https://www.carrefour.es/supermercado/gaseosa-la-casera-cero-azucares-y-cero-caloria-botella-1-5-l-la-casera/R-520660418/p
Bebidas,Tónica Schweppes botella 1 l.,"1,75 €","1,75 €/l",https://www.carrefour.es/supermercado/tonica-carrefour-lata-33-cl-carrefour/R-520660438/p
Bebidas,Aquarius sabor limón zero lata 33 cl.,"0,78 €","2,36 €/l",https://www.carrefour.es/supermercado/tonica-carrefour-lata-33-cl-carrefour/R-520660438/p
Bebidas,Zumo de melocotón Juver-Disfruta sin azúcar añadido pack de 6 briks de 20 cl.,"2,33 €","1,94 €/l",https://www.carrefour.es/supermercado/aquarius-sabor-naranja-pack-4-botellas-1-5-l-aquarius/R-526591747/p
Bebidas,Agua mineral Font Vella natural 1 l.,"2,10 €","0,60 €/l",https://www.carrefour.es/supermercado/aquarius-sabor-naranja-pack-4-botellas-1-5-l-aquarius/R-526591747/p
Bebidas,Agua mineral Regas natural 8 l.,"2,26 €","0,26 €/l",https://www.carrefour.es/supermercado/coca-cola-zero-azucar-botella-1-25-l-coca-cola/R-prod280208/p
Bebidas,Cerveza Mahou Sin alcohol pack de 6 botellas de 25 cl.,"0,80 €","1,51 €/l",https://www.carrefour.es/supermercado/coca-cola-zero-azucar-botella-1-25-l-coca-cola/R-prod280208/p
Bebidas,Vino tinto de mesa Carrefour brik 1 l.,"0,99 €","0,80 €/l",https://www.carrefour.es/supermercado/zumo-de-frutas-y-leche-carrefour-sabor-mediterraneo-brik-1-l-carrefour/R-799715338/p
Bebidas,Cerveza San Miguel especial Lager pack de 12 latas de 33 cl.,"0,73 €","1,64 €/l",https://www.carrefour.es/supermercado/zumo-de-frutas-y-leche-carrefour-sabor-mediterraneo-brik-1-l-carrefour/R-799715338/p
Bebidas,Cerveza 1906 Red Vintage La Colorada lata 33 cl.,"8,76 €","3,00 €/l",https://www.carrefour.es/supermercado/agua-mineral-con-gas-perrier-1-l-perrier/R-700709035/p
Bebidas,Nestea té negro con limón lata 33 cl.,"0,50 €","2,21 €/l",https://www.carrefour.es/supermercado/agua-mineral-con-gas-perrier-1-l-perrier/R-700709035/p
Bebidas,Coca Cola light pack 12 latas 33 cl.,"1,00 €","2,21 €/l",https://www.carrefour.es/supermercado/tonica-schweppes-botella-1-l-schweppes/R-521011992/p
Bebidas,"Refresco de cola Carrefour zero sin cafeína botella 1,5 l.","0,57 €","0,33 €/l",https://www.carrefour.es/supermercado/tonica-schweppes-botella-1-l-schweppes/R-521011992/p
Bebidas,Néctar de maracuya Carrefour brik 1 l.,"0,74 €","0,74 €/l",https://www.carrefour.es/supermercado/nectar-de-maracuya-carrefour-brik-1-l-carrefour/R-780686960/p
Bebidas,Cerveza tostada Estrella Galicia 0.0 alcohol pack 6 botellas 25 cl.,"4,05 €","2,70 €/l",https://www.carrefour.es/supermercado/nectar-de-maracuya-carrefour-brik-1-l-carrefour/R-780686960/p
Bebidas,Cerveza Mahou 5 Estrellas especial pack de 24 botellas de 25 cl.,"13,01 €","2,17 €/l",https://www.carrefour.es/supermercado/cerveza-tostada-estrella-galicia-00-alcohol-pack-6-botellas-25-cl/R-VC4AECOMM-530568/p
Bebidas,"Cerveza Mahou 0,0 sin alcohol tostada pack de 6 botellas de 25 cl.","3,59 €","2,39 €/l",https://www.carrefour.es/supermercado/cerveza-tostada-estrella-galicia-00-alcohol-pack-6-botellas-25-cl/R-VC4AECOMM-530568/p
Bebidas,Fanta de limón zero azúcares añadidos botella 2 l.,"1,52 €","0,76 €/l",https://www.carrefour.es/supermercado/cerveza-mahou-5-estrellas-especial-pack-de-24-botellas-de-25-cl-mahou-5-estrellas/R-530363694/p
Bebidas,Cerveza Amstel 100% malta pack de 28 latas de 33 cl.,"15,12 €","1,64 €/l",https://www.carrefour.es/supermercado/cerveza-mahou-5-estrellas-especial-pack-de-24-botellas-de-25-cl-mahou-5-estrellas/R-530363694/p
Bebidas,Agua mineral Solán de Cabras natural 75 cl.,"0,71 €","0,95 €/l",https://www.carrefour.es/supermercado/cerveza-mahou-0-0-sin-alcohol-tostada-pack-de-6-botellas-de-25-cl-mahou/R-625735344/p
Bebidas,Fanta de naranja lata 33 cl.,"0,56 €","1,70 €/l",https://www.carrefour.es/supermercado/cerveza-mahou-0-0-sin-alcohol-tostada-pack-de-6-botellas-de-25-cl-mahou/R-625735344/p
Bebidas,"Agua mineral con gas Vichy Catalán natural 1,2 l.","1,50 €","1,25 €/l",https://www.carrefour.es/supermercado/fanta-de-limon-zero-azucares-anadidos-botella-2-l-fanta/R-520660604/p
Bebidas,Vino blanco verdejo Cuvi D.O. Rueda 75 cl.,"6,66 €","2,80 €/ud",https://www.carrefour.es/supermercado/fanta-de-limon-zero-azucares-anadidos-botella-2-l-fanta/R-520660604/p
Bebidas,Bebida Isotónica Aquarius sabor naranja pack de 9 latas de 33 cl.,"0,93 €","2,24 €/l",https://www.carrefour.es/supermercado/cerveza-amstel-100-malta-pack-de-28-latas-de-33-cl-amstel/R-551303025/p
Bebidas,Agua mineral con gas Cabreiroá 1 l.,"0,50 €","0,93 €/l",https://www.carrefour.es/supermercado/cerveza-amstel-100-malta-pack-de-28-latas-de-33-cl-amstel/R-551303025/p
Bebidas,Tónica Nordic Mist lata 25 cl.,"0,91 €","2,00 €/l",https://www.carrefour.es/supermercado/HuchaPromocion?promoId=huchaDisc420084
Bebidas,Vino blanco Fuenteviña botella 75 cl.,"3,32 €","1,21 €/l",https://www.carrefour.es/supermercado/agua-mineral-solan-de-cabras-natural-75-cl-solan-de-cabras/R-640001889/p
Bebidas,"Cerveza San Miguel 0,0 sin alcohol Lager pack de 12 latas de 33 cl.","0,21 €","1,64 €/l",https://www.carrefour.es/supermercado/agua-mineral-solan-de-cabras-natural-75-cl-solan-de-cabras/R-640001889/p
Bebidas,"Aquarius sabor naranja pack 2 botellas 1,5 l.","6,36 €","1,11 €/l",https://www.carrefour.es/supermercado/fanta-de-naranja-lata-33-cl-fanta/R-520660553/p
Bebidas,Agua mineral con gas Carrefour natural 50 cl.,"1,00 €","0,42 €/l",https://www.carrefour.es/supermercado/fanta-de-naranja-lata-33-cl-fanta/R-520660553/p
Bebidas,"Nestea de limón pack 4 botellas 1,5 l.","0,46 €","1,06 €/l",https://www.carrefour.es/supermercado/agua-mineral-con-gas-vichy-catalan-natural-1-2-l-vichy-catalan/R-811813902/p
Bebidas,Cider Ladrón de manzanas 25 cl.,"0,48 €","4,00 €/l",https://www.carrefour.es/supermercado/agua-mineral-con-gas-vichy-catalan-natural-1-2-l-vichy-catalan/R-811813902/p
Bebidas,Agua mineral Bezoya 50 cl.,"0,75 €","0,92 €/l",https://www.carrefour.es/supermercado/vino-blanco-verdejo-cuvi-do-rueda-75-cl-cuvi/R-fprod1320210/p
Bebidas,Sprite de lima-limón sin azúcar lata 33 cl.,"1,28 €","1,45 €/l",https://www.carrefour.es/supermercado/vino-blanco-verdejo-cuvi-do-rueda-75-cl-cuvi/R-fprod1320210/p
Bebidas,Cerveza Desperados sabor tequila botella 33 cl.,"1,37 €","4,15 €/l",https://www.carrefour.es/supermercado/cerveza-desperados-sabor-tequila-botella-33-cl-desperados/R-521028222/p
Bebidas,Cerveza Amstel Oro tostada pack de 10 latas de 33 cl.,"7,00 €","2,12 €/l",https://www.carrefour.es/supermercado/cerveza-desperados-sabor-tequila-botella-33-cl-desperados/R-521028222/p
Bebidas,Gaseosa La Casera cero calorías pack de 4 botellas de 50 cl.,"2,65 €","1,32 €/l",https://www.carrefour.es/supermercado/cerveza-amstel-oro-tostada-pack-de-10-latas-de-33-cl-amstel/R-fprod1190425/p
Bebidas,Refresco de naranja Trina sin gas lata 33 cl.,"0,65 €","1,97 €/l",https://www.carrefour.es/supermercado/cerveza-amstel-oro-tostada-pack-de-10-latas-de-33-cl-amstel/R-fprod1190425/p
Bebidas,"Zumo florida Sunny Delight 1,25 l.","1,65 €","1,32 €/l",https://www.carrefour.es/supermercado/promocion?promoId=promof2530024
Bebidas,Zumo de manzana ecológico Carrefour Bio brik 1 l.,"1,59 €","1,59 €/l",https://www.carrefour.es/supermercado/gaseosa-la-casera-cero-calorias-pack-de-4-botellas-de-50-cl-la-casera/R-832428435/p
Bebidas,Vermut Martini rojo 1 l.,"9,49 €","9,49 €/l",https://www.carrefour.es/supermercado/gaseosa-la-casera-cero-calorias-pack-de-4-botellas-de-50-cl-la-casera/R-832428435/p
Bebidas,"Refresco de té Nestea sin azúcar sabor limón botella 1,5 l.","1,67 €","1,11 €/l",https://www.carrefour.es/supermercado/refresco-de-naranja-trina-sin-gas-lata-33-cl-trina/R-520660612/p
Bebidas,Refresco de naranja Carrefour con gas botella 2 l.,"0,68 €","0,34 €/l",https://www.carrefour.es/supermercado/refresco-de-naranja-trina-sin-gas-lata-33-cl-trina/R-520660612/p
Bebidas,Cerveza Carrefour sin alcohol lata 33 cl.,"0,27 €","0,82 €/l",https://www.carrefour.es/supermercado/HuchaPromocion?promoId=huchaDisc420135
Bebidas,Refresco de cola Carrefour zero lata 25 cl.,"0,24 €","0,96 €/l",https://www.carrefour.es/supermercado/zumo-florida-sunny-delight-1-25-l-sunny-delight/R-715627665/p
Bebidas,Zumo de naranja Carrefour exprimido sin pulpa brik 1 l.,"1,29 €","1,29 €/l",https://www.carrefour.es/supermercado/zumo-florida-sunny-delight-1-25-l-sunny-delight/R-715627665/p
Bebidas,"Refresco de naranja Trina zero sin gas botella 1,5 l.","1,65 €","1,10 €/l",https://www.carrefour.es/supermercado/zumo-de-manzana-ecologico-carrefour-bio-brik-1-l-carrefour-bio/R-526600510/p
Bebidas,Agua mineral Carrefour Kids natural 33 cl.,"0,19 €","0,58 €/l",https://www.carrefour.es/supermercado/zumo-de-manzana-ecologico-carrefour-bio-brik-1-l-carrefour-bio/R-526600510/p
Bebidas,"Cerveza Heineken Lager 0,0 sin alcohol pack de 6 botellas de 25 cl.","3,83 €","2,55 €/l",https://www.carrefour.es/supermercado/vermut-martini-rojo-1-l-martini/R-520663120/p
Bebidas,Aquarius sabor limón lata 33 cl.,"0,78 €","2,36 €/l",https://www.carrefour.es/supermercado/vermut-martini-rojo-1-l-martini/R-520663120/p
Bebidas,Bitter Kas sin alcohol pack de 6 botellas de 20 cl.,"4,33 €","3,61 €/l",https://www.carrefour.es/supermercado/refresco-de-te-nestea-sin-azucar-sabor-limon-botella-1-5-l-nestea/R-528305562/p
Bebidas,Zumo de fruta y leche Don Simón Caribe zero pack de 6 briks de 20 cl.,"1,32 €","1,10 €/l",https://www.carrefour.es/supermercado/refresco-de-te-nestea-sin-azucar-sabor-limon-botella-1-5-l-nestea/R-528305562/p
Bebidas,Cerveza Mahou Clásica pack de 24 botellas de 25 cl.,"9,99 €","1,66 €/l",https://www.carrefour.es/supermercado/refresco-de-naranja-carrefour-con-gas-botella-2-l-carrefour/R-804031641/p
Bebidas,7UP Free de lima-limón sin azúcar pack 2 botellas 2 l.,"2,10 €","0,52 €/l",https://www.carrefour.es/supermercado/refresco-de-naranja-carrefour-con-gas-botella-2-l-carrefour/R-804031641/p
Bebidas,Cerveza 1906 Reserva Especial pack de 9 botellas de 25 cl.,"6,40 €","2,84 €/l",https://www.carrefour.es/supermercado/cerveza-carrefour-sin-alcohol-lata-33-cl-carrefour/R-851600310/p
Bebidas,Cune Tinto Crianza 2017,"6,55 €","6,55 €/ud",https://www.carrefour.es/supermercado/cerveza-carrefour-sin-alcohol-lata-33-cl-carrefour/R-851600310/p
Bebidas,"Carrefour té de limón botella 1,5 l.","0,74 €","0,49 €/l",https://www.carrefour.es/supermercado/refresco-de-cola-carrefour-zero-lata-25-cl-carrefour/R-fprod1390056/p
Bebidas,"Zumo de naranja, limón y zanahoria Carrefour brik 1 l.","0,68 €","0,68 €/l",https://www.carrefour.es/supermercado/refresco-de-cola-carrefour-zero-lata-25-cl-carrefour/R-fprod1390056/p
Bebidas,Cerveza Mahou Clásica pack de 12 botellas de 25 cl.,"5,09 €","1,70 €/l",https://www.carrefour.es/supermercado/cerveza-mahou-clasica-pack-de-12-botellas-de-25-cl-mahou-clasica/R-538002206/p
Bebidas,"Refresco de cola Carrefour classic botella 1,5 l.","0,50 €","0,33 €/l",https://www.carrefour.es/supermercado/cerveza-mahou-clasica-pack-de-12-botellas-de-25-cl-mahou-clasica/R-538002206/p
Bebidas,Crema de orujo Puntemiño 70 cl.,"0,65 €","8,13 €/l",https://www.carrefour.es/supermercado/refresco-de-cola-carrefour-classic-botella-1-5-l-carrefour/R-fprod1310007/p
Bebidas,Refresco de naranja Trina zero sin gas lata 33 cl.,"9,50 €","1,97 €/l",https://www.carrefour.es/supermercado/refresco-de-cola-carrefour-classic-botella-1-5-l-carrefour/R-fprod1310007/p
Bebidas,Cerveza Mahou Maestra tostada doble lúpulo pack de 12 latas de 33 cl.,"1,03 €","2,40 €/l",https://www.carrefour.es/supermercado/crema-de-orujo-puntemino-70-cl-puntemino/R-prod620187/p
Bebidas,"Vino blanco Don Simón pack de 3 briks de 18,7 cl.","4,96 €","1,84 €/l",https://www.carrefour.es/supermercado/crema-de-orujo-puntemino-70-cl-puntemino/R-prod620187/p
Bebidas,Cerveza Alhambra Reserva tostada roja pack de 4 botellas de 33 cl.,"8,27 €","3,76 €/l",https://www.carrefour.es/supermercado/refresco-de-naranja-trina-zero-sin-gas-lata-33-cl-trina/R-520660648/p
Bebidas,Cerveza Estrella Damm mediterránea pack de 12 latas de 33 cl.,"2,50 €","2,09 €/l",https://www.carrefour.es/supermercado/refresco-de-naranja-trina-zero-sin-gas-lata-33-cl-trina/R-520660648/p
Bebidas,Zumo de piña Juver sin azúcar añadido brik 2 l.,"1,09 €","1,25 €/l",https://www.carrefour.es/supermercado/HuchaPromocion?promoId=huchaDisc420135
Bebidas,Cerveza Mahou Maestra tostada doble lúpulo botella 33 cl.,"3,44 €","3,30 €/l",https://www.carrefour.es/supermercado/cerveza-mahou-maestra-tostada-doble-lupulo-pack-de-12-latas-de-33-cl-mahou/R-prod280143/p
Bebidas,Zumo tropical 0% materia grasa Bifrutas sin gluten 6 briks de 330 ml.,"3,89 €","1,74 €/l",https://www.carrefour.es/supermercado/cerveza-mahou-maestra-tostada-doble-lupulo-pack-de-12-latas-de-33-cl-mahou/R-prod280143/p
Bebidas,Red bull bebida energética pack de 4 latas de 25 cl.,"2,50 €","3,89 €/l",https://www.carrefour.es/supermercado/vino-blanco-don-simon-pack-de-3-briks-de-18-7-cl-don-simon/R-prod590589/p
Bebidas,Cerveza Mahou Mixta Shandy con limón pack de 12 latas de 33 cl.,"1,59 €","1,54 €/l",https://www.carrefour.es/supermercado/vino-blanco-don-simon-pack-de-3-briks-de-18-7-cl-don-simon/R-prod590589/p
Bebidas,Sidra El Gaitero achampanada extra botella 75 cl.,"0,32 €","3,33 €/l",https://www.carrefour.es/supermercado/cerveza-alhambra-reserva-tostada-roja-pack-de-4-botellas-de-33-cl-alhambra/R-860001260/p
Bebidas,Vino D.O. La Mancha blanco verdejo Ópera Prima 75 cl.,"0,79 €","1,59 €/ud",https://www.carrefour.es/supermercado/cerveza-alhambra-reserva-tostada-roja-pack-de-4-botellas-de-33-cl-alhambra/R-860001260/p
Bebidas,Cerveza Carrefour Shandy con limón lata 33 cl.,"2,15 €","0,97 €/l",https://www.carrefour.es/supermercado/cerveza-estrella-damm-mediterranea-pack-de-12-latas-de-33-cl-estrella-damm/R-521035193/p
Bebidas,Refresco de limón Schweppes con gas lata 33 cl.,"0,63 €","2,39 €/l",https://www.carrefour.es/supermercado/cerveza-estrella-damm-mediterranea-pack-de-12-latas-de-33-cl-estrella-damm/R-521035193/p
Bebidas,Kas de naranja pack de 2 botellas de 2 l.,"0,57 €","0,54 €/l",https://www.carrefour.es/supermercado/zumo-de-pina-juver-sin-azucar-anadido-brik-2-l-juver/R-521028163/p
Bebidas,Néctar de mango y naranja Carrefour brik 1 l.,"1,36 €","0,63 €/l",https://www.carrefour.es/supermercado/zumo-de-pina-juver-sin-azucar-anadido-brik-2-l-juver/R-521028163/p
Bebidas,Cerveza Turia Märzen de Valencia tostada botella 25 cl.,"8,28 €","2,28 €/l",https://www.carrefour.es/supermercado/cerveza-mahou-maestra-tostada-doble-lupulo-botella-33-cl-mahou/R-835263264/p
Bebidas,Zumo de manzana Carrefour exprimido brik 1 l.,"2,52 €","1,36 €/l",https://www.carrefour.es/supermercado/cerveza-mahou-maestra-tostada-doble-lupulo-botella-33-cl-mahou/R-835263264/p
Bebidas,Tónica Schweppes zero calorías pack de 12 latas de 25 cl.,"1,20 €","2,76 €/l",https://www.carrefour.es/supermercado/zumo-tropical-0-materia-grasa-bifrutas-sin-gluten-6-briks-de-330-ml-bifrutas/R-prod920171/p
Bebidas,Agua mineral Lanjarón natural tapón deportivo 33 cl.,"0,48 €","1,45 €/l",https://www.carrefour.es/supermercado/agua-mineral-lanjaron-natural-tapon-deportivo-33-cl-lanjaron/R-prod130333/p
Bebidas,Refresco de lima-limón Sprite con gas zero botella 2 l.,"1,30 €","0,65 €/l",https://www.carrefour.es/supermercado/agua-mineral-lanjaron-natural-tapon-deportivo-33-cl-lanjaron/R-prod130333/p
Bebidas,Cerveza Alhambra Lager especial pack 6 botellas de 25 cl.,"3,09 €","2,06 €/l",https://www.carrefour.es/supermercado/promocion?promoId=promof2550007
Bebidas,Zumo mediterráneo zero sin azúcar añadido Biofrutas sin gluten pack de 6 briks de 200 ml.,"1,91 €","1,59 €/l",https://www.carrefour.es/supermercado/refresco-de-lima-limon-sprite-con-gas-zero-botella-2-l-sprite/R-589802808/p
Bebidas,Refresco de cola Pepsi pack de 12 latas de 33 cl.,"6,13 €","1,55 €/l",https://www.carrefour.es/supermercado/refresco-de-lima-limon-sprite-con-gas-zero-botella-2-l-sprite/R-589802808/p
Bebidas,"Cerveza Heineken Lager 0,0 sin alcohol lata 33 cl.","0,66 €","2,00 €/l",https://www.carrefour.es/supermercado/cerveza-alhambra-lager-especial-pack-6-botellas-de-25-cl-alhambra/R-827510484/p
Bebidas,"Cerveza Amstel 0,0 sin alcohol Radler con limón pack de 12 latas de 33 cl.","7,25 €","1,83 €/l",https://www.carrefour.es/supermercado/cerveza-alhambra-lager-especial-pack-6-botellas-de-25-cl-alhambra/R-827510484/p
Bebidas,"Cerveza Coronita botella 35,5 cl.","1,35 €","3,80 €/l",https://www.carrefour.es/supermercado/zumo-mediterraneo-zero-sin-azucar-anadido-biofrutas-sin-gluten-pack-de-6-briks-de-200-ml-bifrutas/R-843001194/p
Bebidas,Bebida de melocotón Carrefour sin azúcar pack de 6 briks de 20 cl.,"1,20 €","1,00 €/l",https://www.carrefour.es/supermercado/zumo-mediterraneo-zero-sin-azucar-anadido-biofrutas-sin-gluten-pack-de-6-briks-de-200-ml-bifrutas/R-843001194/p
Bebidas,"Refresco de té verde Nestea sabor maracuyá botella 1,5 l.","1,67 €","1,11 €/l",https://www.carrefour.es/supermercado/refresco-de-cola-pepsi-pack-de-12-latas-de-33-cl-pepsi/R-521008354/p
Bebidas,Cerveza 1906 Red Vintage La Colorada pack de 6 botellas de 33 cl.,"5,90 €","2,98 €/l",https://www.carrefour.es/supermercado/refresco-de-cola-pepsi-pack-de-12-latas-de-33-cl-pepsi/R-521008354/p
Bebidas,Agua mineral Bezoya tapón deportivo 33 cl.,"0,43 €","1,30 €/l",https://www.carrefour.es/supermercado/cerveza-heineken-lager-0-0-sin-alcohol-lata-33-cl-heineken/R-prod72705/p
Bebidas,Zumo de naranja 100% Fruta Granini botella 1 l. ,"2,50 €","2,50 €/l",https://www.carrefour.es/supermercado/cerveza-heineken-lager-0-0-sin-alcohol-lata-33-cl-heineken/R-prod72705/p
Bebidas,"Cerveza Free Damm Lager 0,0 sin alcohol lata 33 cl.","0,57 €","1,73 €/l",https://www.carrefour.es/supermercado/cerveza-amstel-0-0-sin-alcohol-radler-con-limon-pack-de-12-latas-de-33-cl-amstel/R-prod1150243/p
Bebidas,Zumo de naranja Juver sin azúcar añadido brik 2 l.,"2,44 €","1,22 €/l",https://www.carrefour.es/supermercado/cerveza-amstel-0-0-sin-alcohol-radler-con-limon-pack-de-12-latas-de-33-cl-amstel/R-prod1150243/p
Bebidas,Sidra Menendez natural 70 cl.,"1,85 €","2,64 €/l",https://www.carrefour.es/supermercado/cerveza-coronita-botella-35-5-cl-coronita/R-582102538/p
Bebidas,Vino Lambrusco rosado Amabile dell' Emilia Bautista Marti 75 cl.,"2,40 €","2,40 €/ud",https://www.carrefour.es/supermercado/cerveza-coronita-botella-35-5-cl-coronita/R-582102538/p
Bebidas,Cerveza artesana Carrefour Sensation Session IPA botella 33 cl.,"1,26 €","3,82 €/l",https://www.carrefour.es/supermercado/bebida-de-melocoton-carrefour-sin-azucar-pack-de-6-briks-de-20-cl-carrefour/R-prod730835/p
Bebidas,"Refresco de limón La Casera con gas pack de 2 botellas de 1,5 l.","1,55 €","0,52 €/l",https://www.carrefour.es/supermercado/bebida-de-melocoton-carrefour-sin-azucar-pack-de-6-briks-de-20-cl-carrefour/R-prod730835/p
Bebidas,"Bebida Isotónica Carrefour sin gas sabor limón botella 1,5 l.","0,88 €","0,59 €/l",https://www.carrefour.es/supermercado/refresco-de-te-verde-nestea-sabor-maracuya-botella-1-5-l-nestea/R-652500099/p
Bebidas,Coca Cola con limón lata 33 cl.,"0,69 €","2,09 €/l",https://www.carrefour.es/supermercado/refresco-de-te-verde-nestea-sabor-maracuya-botella-1-5-l-nestea/R-652500099/p
Bebidas,Zumo de piña y mango Carrefour exprimido brik 1 l.,"1,69 €","1,69 €/l",https://www.carrefour.es/supermercado/cerveza-1906-red-vintage-la-colorada-pack-de-6-botellas-de-33-cl-1906/R-692808528/p
Bebidas,Fanta de limón lata 33 cl.,"0,57 €","1,73 €/l",https://www.carrefour.es/supermercado/fanta-de-limon-lata-33-cl-fanta/R-520660576/p
Bebidas,"Cerveza Free Damm Lager 0,0 sin alcohol con limón lata 33 cl.","0,57 €","1,73 €/l",https://www.carrefour.es/supermercado/fanta-de-limon-lata-33-cl-fanta/R-520660576/p
Bebidas,Vino D.O. Rueda blanco verdejo Estilete 75 cl.,"2,00 €","2,00 €/ud",https://www.carrefour.es/supermercado/cerveza-free-damm-lager-0-0-sin-alcohol-con-limon-lata-33-cl-free-damm/R-520661360/p
Bebidas,"Soda Geiser sifón 1,5 l.","1,52 €","1,01 €/l",https://www.carrefour.es/supermercado/cerveza-free-damm-lager-0-0-sin-alcohol-con-limon-lata-33-cl-free-damm/R-520661360/p
Bebidas,Vino D.O. Ribera del Duero tinto crianza Viña Espolón 75 cl.,"1,81 €","6,50 €/ud",https://www.carrefour.es/supermercado/vino-do-rueda-blanco-verdejo-estilete-75-cl-estilete/R-784000504/p
Bebidas,Zumo de naranja ecológico Carrefour Bio exprimido pack de 3 briks de 20 cl.,"2,28 €","3,02 €/l",https://www.carrefour.es/supermercado/vino-do-rueda-blanco-verdejo-estilete-75-cl-estilete/R-784000504/p
Bebidas,Zumo de naranja Juver-Disfruta sin azúcar añadido pack de 6 briks de 20 cl.,"0,73 €","1,90 €/l",https://www.carrefour.es/supermercado/soda-geiser-sifon-1-5-l-geiser/R-520660440/p
Bebidas,Nestea té negro con limón lata 33 cl.,"0,79 €","2,21 €/l",https://www.carrefour.es/supermercado/soda-geiser-sifon-1-5-l-geiser/R-520660440/p
Bebidas,Refresco de limón Schweppes con gas zero lata 33 cl.,"0,86 €","2,39 €/l",https://www.carrefour.es/supermercado/vino-do-ribera-del-duero-tinto-crianza-vina-espolon-75-cl-vina-espolon/R-fprod1260303/p
Bebidas,Vino D.O. Utiel-Requena tinto reserva Faustino Rivero pack de 6 botellas de 75 cl.,"0,24 €","18,00 €/ud",https://www.carrefour.es/supermercado/vino-do-ribera-del-duero-tinto-crianza-vina-espolon-75-cl-vina-espolon/R-fprod1260303/p
Bebidas,Bebida de piña y coco Carrefour sin azúcar añadido brik 1 l.,"1,06 €","0,86 €/l",https://www.carrefour.es/supermercado/HuchaPromocion?promoId=huchaDisc420144
Bebidas,Refresco de cola Carrefour zero sin cafeína lata 25 cl.,"0,54 €","0,96 €/l",https://www.carrefour.es/supermercado/zumo-de-naranja-ecologico-carrefour-bio-exprimido-pack-de-3-briks-de-20-cl-carrefour-bio/R-prod880428/p
Bebidas,"Pepsi Max de lima zero azúcar botella 1,25 l.","6,50 €","0,85 €/l",https://www.carrefour.es/supermercado/zumo-de-naranja-ecologico-carrefour-bio-exprimido-pack-de-3-briks-de-20-cl-carrefour-bio/R-prod880428/p
Bebidas,Agua mineral Cabreiroá tapón deportivo 33 cl.,"4,50 €","1,64 €/l",https://www.carrefour.es/supermercado/zumo-de-naranja-juver-disfruta-sin-azucar-anadido-pack-de-6-briks-de-20-cl-juver-disfruta/R-520660858/p
Bebidas,Protos Verdejo Blanco 2019,"1,39 €","6,50 €/ud",https://www.carrefour.es/supermercado/zumo-de-naranja-juver-disfruta-sin-azucar-anadido-pack-de-6-briks-de-20-cl-juver-disfruta/R-520660858/p
Bebidas,Kas de naranja pack de 9 latas de 33 cl.,"0,65 €","1,52 €/l",https://www.carrefour.es/supermercado/nestea-te-negro-con-limon-lata-33-cl-nestea/R-520660656/p
Bebidas,Cerveza Franziskaner Dunkel alemana de trigo botella 50 cl.,"0,69 €","2,78 €/l",https://www.carrefour.es/supermercado/nestea-te-negro-con-limon-lata-33-cl-nestea/R-520660656/p
Bebidas,Coca Cola zero azúcar sabor cereza lata 33 cl.,"0,24 €","1,97 €/l",https://www.carrefour.es/supermercado/refresco-de-limon-schweppes-con-gas-zero-lata-33-cl-schweppes/R-540202096/p
Bebidas,Ginger Ale Schweppes lata 25 cl.,"6,37 €","2,76 €/l",https://www.carrefour.es/supermercado/refresco-de-limon-schweppes-con-gas-zero-lata-33-cl-schweppes/R-540202096/p
Bebidas,Refresco de cola Carrefour classic lata 25 cl.,"2,15 €","0,96 €/l",https://www.carrefour.es/supermercado/vino-do-utiel-requena-tinto-reserva-faustino-rivero-pack-de-6-botellas-de-75-cl-faustino-rivero-ulecia/R-840100460/p
Bebidas,Cerveza El Aguila pack de 10 latas de 33 cl.,"0,94 €","1,93 €/l",https://www.carrefour.es/supermercado/vino-do-utiel-requena-tinto-reserva-faustino-rivero-pack-de-6-botellas-de-75-cl-faustino-rivero-ulecia/R-840100460/p
Bebidas,Vino D.O. Rioja tinto 3 Reinos 75 cl.,"0,69 €","2,15 €/ud",https://www.carrefour.es/supermercado/HuchaPromocion?promoId=huchaDisc420082
Bebidas,Zumo de manzana Don Simón brik 1 l.,"1,10 €","1,10 €/l",https://www.carrefour.es/supermercado/zumo-de-manzana-don-simon-brik-1-l-don-simon/R-520660820/p
Bebidas,Zumo tropical Bifrutas brik 1 l.,"1,83 €","1,83 €/l",https://www.carrefour.es/supermercado/zumo-de-manzana-don-simon-brik-1-l-don-simon/R-520660820/p
Bebidas,Refresco de cola Pepsi Max zero sabor lima lata 33 cl.,"0,54 €","1,64 €/l",https://www.carrefour.es/supermercado/zumo-tropical-bifrutas-brik-1-l-bifrutas/R-525973460/p
Bebidas,Cerveza rubia Heineken Lager pack de 12 latas de 33 cl.,"7,59 €","1,92 €/l",https://www.carrefour.es/supermercado/zumo-tropical-bifrutas-brik-1-l-bifrutas/R-525973460/p
Bebidas,Agua mineral con gas Perrier natural 50 cl.,"0,88 €","1,76 €/l",https://www.carrefour.es/supermercado/refresco-de-cola-pepsi-max-zero-sabor-lima-lata-33-cl-pepsi/R-prod380786/p
Bebidas,7UP de lima-limón lata 33 cl.,"0,44 €","1,33 €/l",https://www.carrefour.es/supermercado/refresco-de-cola-pepsi-max-zero-sabor-lima-lata-33-cl-pepsi/R-prod380786/p
Bebidas,Cerveza Cruzcampo Pilsen botella 1 l.,"1,22 €","1,22 €/l",https://www.carrefour.es/supermercado/cerveza-rubia-heineken-lager-pack-de-12-latas-de-33-cl-heineken/R-521034680/p
Bebidas,Vermut Forteni rojo 1 l.,"1,99 €","1,99 €/l",https://www.carrefour.es/supermercado/cerveza-rubia-heineken-lager-pack-de-12-latas-de-33-cl-heineken/R-521034680/p
Bebidas,Cerveza Cruzcampo Shandy con limón pack de 6 botellas de 25 cl.,"2,60 €","1,73 €/l",https://www.carrefour.es/supermercado/agua-mineral-con-gas-perrier-natural-50-cl-perrier/R-769008764/p
Bebidas,Zumo de tomate Carrefour brik 1 l.,"0,65 €","0,65 €/l",https://www.carrefour.es/supermercado/agua-mineral-con-gas-perrier-natural-50-cl-perrier/R-769008764/p
Bebidas,Baileys Original Cremas,"11,95 €","17,07 €/l",https://www.carrefour.es/supermercado/7up-de-lima-limon-lata-33-cl-7up/R-520660596/p
Bebidas,Vermut Yzaguirre rojo 1 l.,"6,90 €","6,90 €/l",https://www.carrefour.es/supermercado/7up-de-lima-limon-lata-33-cl-7up/R-520660596/p
Bebidas,Bebida energética Carrefour light 25 cl.,"0,41 €","1,64 €/l",https://www.carrefour.es/supermercado/cerveza-cruzcampo-pilsen-botella-1-l-cruzcampo/R-fprod1190453/p
Bebidas,Zumo de naranja exprimido con pulpa Carrefour Selección botella 1 l.,"2,35 €","2,35 €/l",https://www.carrefour.es/supermercado/cerveza-cruzcampo-pilsen-botella-1-l-cruzcampo/R-fprod1190453/p
Bebidas,"Carrefour té de melocotón botella 1,5 l.","0,73 €","0,49 €/l",https://www.carrefour.es/supermercado/vermut-forteni-rojo-1-l-forteni/R-520663124/p
Bebidas,"Cerveza Estrella Galicia 0,0 sin alcohol lata 33 cl.","0,57 €","1,73 €/l",https://www.carrefour.es/supermercado/vermut-forteni-rojo-1-l-forteni/R-520663124/p
Bebidas,Gaseosa Schuss sin calorías botella 1 l.,"0,50 €","0,50 €/l",https://www.carrefour.es/supermercado/cerveza-cruzcampo-shandy-con-limon-pack-de-6-botellas-de-25-cl-shandy-cruzcampo/R-521011947/p
Bebidas,"Refresco de limón Trina zero sin gas botella 1,5 l.","1,65 €","1,10 €/l",https://www.carrefour.es/supermercado/cerveza-cruzcampo-shandy-con-limon-pack-de-6-botellas-de-25-cl-shandy-cruzcampo/R-521011947/p
Bebidas,Tónica Nordic Mist Blue lata 25 cl.,"0,50 €","2,00 €/l",https://www.carrefour.es/supermercado/zumo-de-tomate-carrefour-brik-1-l-carrefour/R-520660797/p
Bebidas,Pradorey Coleccion Barricas Tinto 2018,"9,90 €","9,90 €/ud",https://www.carrefour.es/supermercado/zumo-de-tomate-carrefour-brik-1-l-carrefour/R-520660797/p
Bebidas,Tónica Schweppes zero calorías botella 1 l.,"1,75 €","1,75 €/l",https://www.carrefour.es/supermercado/crema-irlandesa-baileys-70-cl-baileys/R-520663106/p
Bebidas,Bebida energética Monster Ultra zero calorías pack de 4 latas de 50 cl.,"5,36 €","2,68 €/l",https://www.carrefour.es/supermercado/crema-irlandesa-baileys-70-cl-baileys/R-520663106/p
Bebidas,"Cerveza Heineken Lager 0,0 alcohol pack 12 latas 33 cl.","7,79 €","1,97 €/l",https://www.carrefour.es/supermercado/vermut-yzaguirre-rojo-1-l-yzaguirre/R-538408241/p
Bebidas,Néctar de melocotón Granini GO! pack 3 briks 200 ml. ,"1,50 €","2,50 €/l",https://www.carrefour.es/supermercado/vermut-yzaguirre-rojo-1-l-yzaguirre/R-538408241/p
Bebidas,"Zumo de piña,manzana y uva Don Simón brik 1 l.","1,10 €","1,10 €/l",https://www.carrefour.es/supermercado/zumo-de-pina-manzana-y-uva-don-simon-brik-1-l-don-simon/R-520660801/p
Bebidas,Refresco de té verde Nestea sabor maracuyá lata 33 cl.,"0,73 €","2,21 €/l",https://www.carrefour.es/supermercado/zumo-de-pina-manzana-y-uva-don-simon-brik-1-l-don-simon/R-520660801/p
Bebidas,Vino D.O. Valdepeñas Blanco Airén Viña Lobón 75 cl.,"1,22 €","1,22 €/ud",https://www.carrefour.es/supermercado/refresco-de-te-verde-nestea-sabor-maracuya-lata-33-cl-nestea/R-654801691/p
Bebidas,"Zumo de naranja Simon Life botella 1,5 l.","1,50 €","1,00 €/l",https://www.carrefour.es/supermercado/refresco-de-te-verde-nestea-sabor-maracuya-lata-33-cl-nestea/R-654801691/p
Bebidas,Cerveza Mahou 5 Estrellas especial lata 33 cl.,"0,69 €","2,09 €/l",https://www.carrefour.es/supermercado/vino-do-valdepenas-blanco-airen-vina-lobon-75-cl-vina-lobon/R-prod212106/p
Bebidas,Seagram'S Ginebra,"15,00 €","21,43 €/l",https://www.carrefour.es/supermercado/vino-do-valdepenas-blanco-airen-vina-lobon-75-cl-vina-lobon/R-prod212106/p
Bebidas,Mosto Carrefour blanco botella 1 l.,"1,10 €","1,10 €/l",https://www.carrefour.es/supermercado/zumo-de-naranja-simon-life-botella-1-5-l-simon-life/R-521030004/p
Bebidas,Cerveza Mahou Ipa lata 33 cl.,"0,95 €","2,88 €/l",https://www.carrefour.es/supermercado/zumo-de-naranja-simon-life-botella-1-5-l-simon-life/R-521030004/p
Bebidas,Zumo de naranja Don Simón pack de 6 briks de 20 cl.,"1,65 €","1,37 €/l",https://www.carrefour.es/supermercado/cerveza-mahou-5-estrellas-especial-lata-33-cl-mahou-5-estrellas/R-521007938/p
Bebidas,Refresco de limón Carrefour con gas zero botella 2 l.,"0,68 €","0,34 €/l",https://www.carrefour.es/supermercado/cerveza-mahou-5-estrellas-especial-lata-33-cl-mahou-5-estrellas/R-521007938/p
Bebidas,Vino blanco albariño D.O.Rias Baixas 75 cl.,"3,55 €","3,55 €/ud",https://www.carrefour.es/supermercado/ginebra-seagrams-extra-70-cl-seagrams/R-546102614/p
Bebidas,Crema irlandesa Baileys 1 l.,"16,61 €","16,61 €/l",https://www.carrefour.es/supermercado/ginebra-seagrams-extra-70-cl-seagrams/R-546102614/p
Bebidas,Kas de limón pack de 9 latas de 33 cl.,"3,75 €","1,26 €/l",https://www.carrefour.es/supermercado/mosto-carrefour-blanco-botella-1-l-carrefour/R-520661003/p
Bebidas,Cerveza Carrefour Lager botella 1 l.,"0,66 €","0,66 €/l",https://www.carrefour.es/supermercado/mosto-carrefour-blanco-botella-1-l-carrefour/R-520661003/p
Bebidas,Tónica Schweppes lata 25 cl.,"0,69 €","2,76 €/l",https://www.carrefour.es/supermercado/cerveza-mahou-ipa-lata-33-cl-mahou/R-fprod1220126/p
Bebidas,Cerveza Mahou 5 Estrellas especial sin gluten lata 33 cl.,"0,72 €","2,18 €/l",https://www.carrefour.es/supermercado/cerveza-mahou-ipa-lata-33-cl-mahou/R-fprod1220126/p
Bebidas,Coca cola pack de 4 botellas de 20 cl.,"3,32 €","4,15 €/l",https://www.carrefour.es/supermercado/zumo-de-naranja-don-simon-pack-de-6-briks-de-20-cl-don-simon/R-520660834/p
Bebidas,Sidra El Gaitero sin alcohol etiqueta verde 75 cl.,"2,05 €","2,73 €/l",https://www.carrefour.es/supermercado/zumo-de-naranja-don-simon-pack-de-6-briks-de-20-cl-don-simon/R-520660834/p
Bebidas,Néctar de naranja Minute Maid botella 1 l.,"1,59 €","1,59 €/l",https://www.carrefour.es/supermercado/refresco-de-limon-carrefour-con-gas-zero-botella-2-l-carrefour/R-632701994/p
Bebidas,Kombucha de jengibre y limón ecológico Komvida botella 25 cl.,"2,21 €","8,84 €/l",https://www.carrefour.es/supermercado/refresco-de-limon-carrefour-con-gas-zero-botella-2-l-carrefour/R-632701994/p
Bebidas,"Bebida Isotónica Carrefour sin gas sabor naranja botella 1,5 l.","0,88 €","0,59 €/l",https://www.carrefour.es/supermercado/vino-blanco-albarino-dorias-baixas-75-cl/R-prod210038/p
Bebidas,Tónica Nordic Mist zero azúcar lata 25 cl.,"0,50 €","2,00 €/l",https://www.carrefour.es/supermercado/vino-blanco-albarino-dorias-baixas-75-cl/R-prod210038/p
Bebidas,Bebida energética Carrefour 25 cl.,"0,38 €","1,52 €/l",https://www.carrefour.es/supermercado/crema-irlandesa-baileys-1-l-baileys/R-520663114/p
Bebidas,Ginebra Puerto de Indias premium strawberry 70 cl.,"14,35 €","20,50 €/l",https://www.carrefour.es/supermercado/crema-irlandesa-baileys-1-l-baileys/R-520663114/p
Bebidas,Cerveza San Miguel especial Lager pack de 12 botellas de 25 cl.,"5,31 €","1,77 €/l",https://www.carrefour.es/supermercado/cerveza-san-miguel-especial-lager-pack-de-12-botellas-de-25-cl-san-miguel/R-521033441/p
Bebidas,Aquarius sabor naranja lata 33 cl.,"0,78 €","2,36 €/l",https://www.carrefour.es/supermercado/cerveza-san-miguel-especial-lager-pack-de-12-botellas-de-25-cl-san-miguel/R-521033441/p
Bebidas,"Agua mineral Font Vella Sensación con zumo de limón 1,25 l.","1,42 €","1,14 €/l",https://www.carrefour.es/supermercado/aquarius-sabor-naranja-lata-33-cl-aquarius/R-520660725/p
Bebidas,Cerveza San Miguel especial Lager lata 50 cl.,"0,83 €","1,66 €/l",https://www.carrefour.es/supermercado/aquarius-sabor-naranja-lata-33-cl-aquarius/R-520660725/p
Bebidas,"Cerveza San Miguel Magna tipo Lager roja 0,0 sin alcohol lata 33 cl.","0,66 €","20,00 €/l",https://www.carrefour.es/supermercado/agua-mineral-font-vella-sensacion-con-zumo-de-limon-1-25-l-font-vella/R-520661122/p
Bebidas,Zumo de uva roja ecológico Carrefour Bio brik 1 l.,"2,09 €","2,09 €/l",https://www.carrefour.es/supermercado/agua-mineral-font-vella-sensacion-con-zumo-de-limon-1-25-l-font-vella/R-520661122/p
Bebidas,Cerveza rubia Heineken Lager pack 12 botellas 25 cl.,"7,51 €","2,50 €/l",https://www.carrefour.es/supermercado/promocion?promoId=promof2550007
Bebidas,Agua mineral Cabreiroá tapón deportivo 50 cl.,"0,59 €","1,18 €/l",https://www.carrefour.es/supermercado/cerveza-san-miguel-especial-lager-lata-50-cl-san-miguel/R-520661338/p
Bebidas,Cider Ladrón de manzanas sabor manzana verde botella 25 cl.,"1,00 €","4,00 €/l",https://www.carrefour.es/supermercado/cerveza-san-miguel-especial-lager-lata-50-cl-san-miguel/R-520661338/p
Bebidas,Cerveza rubia Carrefour sin alcohol lata 33 cl.,"0,33 €","1,00 €/l",https://www.carrefour.es/supermercado/cerveza-san-miguel-magna-tipo-lager-roja-0-0-sin-alcohol-lata-33-cl/R-VC4AECOMM-482978/p
Bebidas,Ginebra Tanqueray 70 cl.,"13,00 €","18,57 €/l",https://www.carrefour.es/supermercado/cerveza-san-miguel-magna-tipo-lager-roja-0-0-sin-alcohol-lata-33-cl/R-VC4AECOMM-482978/p
Bebidas,Cider Ladrón de manzanas sabor frutos rojos 25 cl.,"1,00 €","4,00 €/l",https://www.carrefour.es/supermercado/zumo-de-uva-roja-ecologico-carrefour-bio-brik-1-l-carrefour-bio/R-prod880430/p
Bebidas,Cerveza Leffe Triple botella 33 cl.,"1,63 €","4,94 €/l",https://www.carrefour.es/supermercado/zumo-de-uva-roja-ecologico-carrefour-bio-brik-1-l-carrefour-bio/R-prod880430/p
Bebidas,Tónica Schweppes Original botella 25 cl.,"0,85 €","3,40 €/l",https://www.carrefour.es/supermercado/cerveza-rubia-heineken-lager-pack-12-botellas-25-cl-heineken/R-589601205/p
Bebidas,Red Bull bebida energética sin azúcar pack 4 latas 25 cl.,"4,35 €","4,35 €/l",https://www.carrefour.es/supermercado/cerveza-rubia-heineken-lager-pack-12-botellas-25-cl-heineken/R-589601205/p
Bebidas,Zumo de melocotón y uva ecológico Carrefour Bio exprimido pack de 3 briks de 20 cl.,"1,81 €","3,02 €/l",https://www.carrefour.es/supermercado/agua-mineral-cabreiroa-tapon-deportivo-50-cl-cabreiroa/R-prod810533/p
Bebidas,Vino tinto crianza Señorío de los Llanos D.O. Valdepeñas 75 cl.,"1,95 €","1,95 €/ud",https://www.carrefour.es/supermercado/agua-mineral-cabreiroa-tapon-deportivo-50-cl-cabreiroa/R-prod810533/p
Bebidas,"Font Vella La Limonada con zumo de limón sin gas zero botella 1,25 l.","1,40 €","1,12 €/l",https://www.carrefour.es/supermercado/cider-ladron-de-manzanas-sabor-manzana-verde-botella-25-cl-ladron-de-manzanas/R-fprod1190428/p
Bebidas,Fanta de naranja zero azúcares añadidos botella 2 l.,"1,49 €","0,74 €/l",https://www.carrefour.es/supermercado/cider-ladron-de-manzanas-sabor-manzana-verde-botella-25-cl-ladron-de-manzanas/R-fprod1190428/p
Bebidas,Néctar de frutos rojos Carrefour brik 1 l.,"0,68 €","0,68 €/l",https://www.carrefour.es/supermercado/promocion?promoId=promof2530030
Bebidas,Coca Cola sin cafeína botella 2 l.,"1,80 €","0,90 €/l",https://www.carrefour.es/supermercado/cerveza-rubia-carrefour-sin-alcohol-lata-33-cl-carrefour/R-784712295/p
Bebidas,Refresco de naranja Fanta con gas pack de 6 latas de 20 cl.,"2,58 €","2,15 €/l",https://www.carrefour.es/supermercado/cerveza-rubia-carrefour-sin-alcohol-lata-33-cl-carrefour/R-784712295/p
Bebidas,Zumo de frutas y leche Carrefour sabor tropical pack de 3 briks de 33 cl.,"0,69 €","0,70 €/l",https://www.carrefour.es/supermercado/ginebra-tanqueray-70-cl-tanqueray/R-521028342/p
Bebidas,Kombucha de frutos rojos ecológico Komvida botella 25 cl.,"2,21 €","8,84 €/l",https://www.carrefour.es/supermercado/ginebra-tanqueray-70-cl-tanqueray/R-521028342/p
Bebidas,Zumo Bifrutas Kids pack de 6 briks de 20 cl.,"1,91 €","1,59 €/l",https://www.carrefour.es/supermercado/zumo-bifrutas-kids-pack-de-6-briks-de-20-cl-bifrutas/R-521033376/p
Bebidas,Ginebra Larios 1 l.,"9,75 €","9,75 €/l",https://www.carrefour.es/supermercado/zumo-bifrutas-kids-pack-de-6-briks-de-20-cl-bifrutas/R-521033376/p
Bebidas,Refresco de lima-limón Carrefour con gas botella 2 l.,"0,68 €","0,34 €/l",https://www.carrefour.es/supermercado/ginebra-larios-1-l-larios/R-520663009/p
Bebidas,Arabe Dulce,"3,99 €","5,32 €/l",https://www.carrefour.es/supermercado/ginebra-larios-1-l-larios/R-520663009/p
Bebidas,Vino tinto de mesa Don Simón brik 1 l.,"1,45 €","1,45 €/l",https://www.carrefour.es/supermercado/refresco-de-lima-limon-carrefour-con-gas-botella-2-l-carrefour/R-520660594/p
Bebidas,"Refresco de naranja La Casera con gas pack de 2 botellas de 1,5 l.","1,55 €","0,52 €/l",https://www.carrefour.es/supermercado/refresco-de-lima-limon-carrefour-con-gas-botella-2-l-carrefour/R-520660594/p
Bebidas,Mosto Carrefour tinto botella 1 l.,"1,10 €","1,10 €/l",https://www.carrefour.es/supermercado/vino-de-aguja-blanco-dulce-sauvignon-arabe-75-cl-arabe/R-791868049/p
Bebidas,Refresco de limón Schweppes botella 1 l.,"1,75 €","1,75 €/l",https://www.carrefour.es/supermercado/vino-de-aguja-blanco-dulce-sauvignon-arabe-75-cl-arabe/R-791868049/p
Bebidas,Cava Puigesser brut nature 75 cl.,"1,90 €","1,90 €/ud",https://www.carrefour.es/supermercado/vino-tinto-de-mesa-don-simon-brik-1-l-don-simon/R-520661408/p
Bebidas,Zumo de manzana Appletiser lata 25 cl.,"0,69 €","2,76 €/l",https://www.carrefour.es/supermercado/vino-tinto-de-mesa-don-simon-brik-1-l-don-simon/R-520661408/p
Bebidas,Cerveza Franziskaner Weissbier sin alcohol botella 50 cl.,"1,39 €","2,78 €/l",https://www.carrefour.es/supermercado/refresco-de-naranja-la-casera-con-gas-pack-de-2-botellas-de-1-5-l-la-casera/R-690302028/p
Bebidas,Vino D.O. Valdepeñas tinto reserva Viña Albali 75 cl.,"3,15 €","3,15 €/ud",https://www.carrefour.es/supermercado/refresco-de-naranja-la-casera-con-gas-pack-de-2-botellas-de-1-5-l-la-casera/R-690302028/p
Bebidas,"Aquarius sabor limón botella 1,5 l.","1,72 €","1,15 €/l",https://www.carrefour.es/supermercado/mosto-carrefour-tinto-botella-1-l-carrefour/R-520661001/p
Bebidas,Cerveza Mahou Clásica botella 1 l.,"1,42 €","1,42 €/l",https://www.carrefour.es/supermercado/mosto-carrefour-tinto-botella-1-l-carrefour/R-520661001/p
Bebidas,Tónica Schweppes Pink lata 25 cl.,"0,69 €","2,76 €/l",https://www.carrefour.es/supermercado/refresco-de-limon-schweppes-botella-1-l-schweppes/R-716603249/p
Bebidas,Aquarius sabor naranja zero lata 33 cl.,"0,78 €","2,36 €/l",https://www.carrefour.es/supermercado/refresco-de-limon-schweppes-botella-1-l-schweppes/R-716603249/p
Bebidas,Vino blanco Viña Espolon Albariño D.O. Rias Baixas 75 cl.,"3,21 €","7,00 €/ud",https://www.carrefour.es/supermercado/HuchaPromocion?promoId=huchaDisc420139
Bebidas,Cerveza Amstel Radler con limón pack de 6 botellas de 25 cl.,"1,10 €","2,14 €/l",https://www.carrefour.es/supermercado/cava-puigesser-brut-nature-75-cl-puigesser/R-735314097/p
Bebidas,"Bebida de maracuyá, manzana y mango Carrefour sin azúcar añadido brik 1 l.","0,89 €","1,10 €/l",https://www.carrefour.es/supermercado/cava-puigesser-brut-nature-75-cl-puigesser/R-735314097/p
Bebidas,Cerveza El Águila Sin Filtrar botella 33 cl.,"0,69 €","2,70 €/l",https://www.carrefour.es/supermercado/zumo-de-manzana-appletiser-lata-25-cl-appletiser/R-prod950028/p
Bebidas,Tónica Schweppes zero lata 25 cl.,"2,10 €","2,76 €/l",https://www.carrefour.es/supermercado/zumo-de-manzana-appletiser-lata-25-cl-appletiser/R-prod950028/p
Bebidas,Cerveza Guinness Draught irlandesa negra lata 44 cl.,"0,88 €","4,77 €/l",https://www.carrefour.es/supermercado/promocion?promoId=promof2530027
Bebidas,Agua mineral con gas San Pellegrino natural 50 cl.,"2,40 €","1,76 €/l",https://www.carrefour.es/supermercado/cerveza-franziskaner-weissbier-sin-alcohol-botella-50-cl-franziskaner/R-629301968/p
Bebidas,Federico Paternina Tinto Crianza 2017,"6,20 €","6,20 €/ud",https://www.carrefour.es/supermercado/vino-tinto-crianza-federico-paternina-banda-azul-doca-rioja-75-cl-federico-paternina/R-844300623/p
Bebidas,Kas de naranja zero lata de 33 cl.,"0,49 €","1,48 €/l",https://www.carrefour.es/supermercado/vino-tinto-crianza-federico-paternina-banda-azul-doca-rioja-75-cl-federico-paternina/R-844300623/p
Bebidas,Coca Cola light pack 6 latas 20 cl.,"3,30 €","27,50 €/l",https://www.carrefour.es/supermercado/kas-de-naranja-zero-lata-de-33-cl-kas/R-590212991/p
Bebidas,"Coca Cola light botella 1,25 l.","1,38 €","1,10 €/l",https://www.carrefour.es/supermercado/kas-de-naranja-zero-lata-de-33-cl-kas/R-590212991/p
Bebidas,Ginebra Beefeater 70 cl.,"12,00 €","17,14 €/l",https://www.carrefour.es/supermercado/coca-cola-light-pack-6-latas-20-cl/R-VC4AECOMM-433753/p
Bebidas,Agua mineral Lanjarón tapón deportivo 75 cl.,"0,74 €","0,99 €/l",https://www.carrefour.es/supermercado/coca-cola-light-pack-6-latas-20-cl/R-VC4AECOMM-433753/p
Bebidas,Bebida Champin espumosa sin alcohol 75 cl.,"2,40 €","3,20 €/l",https://www.carrefour.es/supermercado/coca-cola-light-botella-1-25-l-coca-cola/R-521014667/p
Bebidas,Monster Green bebida energética pack de 4 latas 50 cl.,"5,36 €","2,68 €/l",https://www.carrefour.es/supermercado/coca-cola-light-botella-1-25-l-coca-cola/R-521014667/p
Bebidas,Zumo de melocotón Juver sin azúcar añadido brik 2 l.,"2,39 €","1,19 €/l",https://www.carrefour.es/supermercado/ginebra-beefeater-70-cl-beefeater/R-521028344/p
Bebidas,Cerveza Voll Damm doble malta pack de 12 botellas de 25 cl.,"8,50 €","2,83 €/l",https://www.carrefour.es/supermercado/ginebra-beefeater-70-cl-beefeater/R-521028344/p
Bebidas,Agua mineral Carrefour natural tapón deportivo 75 cl.,"0,44 €","0,59 €/l",https://www.carrefour.es/supermercado/agua-mineral-lanjaron-tapon-deportivo-75-cl-lanjaron/R-520661037/p
Bebidas,Bebida de naranja Carrefour sin azúcar pack de 6 briks de 20 cl.,"1,20 €","1,00 €/l",https://www.carrefour.es/supermercado/agua-mineral-lanjaron-tapon-deportivo-75-cl-lanjaron/R-520661037/p
Bebidas,"Cerveza San Miguel 0,0 sin alcohol con zumo de manzana lata 33 cl.","0,57 €","1,73 €/l",https://www.carrefour.es/supermercado/bebida-champin-espumosa-sin-alcohol-75-cl-champin/R-520662245/p
Bebidas,Diamante Semidulce Sin Crianza,"4,07 €","4,07 €/ud",https://www.carrefour.es/supermercado/bebida-champin-espumosa-sin-alcohol-75-cl-champin/R-520662245/p
Bebidas,Vermut Martini blanco 1 l.,"9,49 €","9,49 €/l",https://www.carrefour.es/supermercado/monster-green-bebida-energetica-pack-de-4-latas-50-cl-monster/R-715626956/p
Bebidas,Kas de limón zero lata de 33 cl.,"0,49 €","1,48 €/l",https://www.carrefour.es/supermercado/monster-green-bebida-energetica-pack-de-4-latas-50-cl-monster/R-715626956/p
Bebidas,Refresco de naranja Carrefour con gas lata 33 cl.,"0,28 €","0,85 €/l",https://www.carrefour.es/supermercado/zumo-de-melocoton-juver-sin-azucar-anadido-brik-2-l-juver/R-521028167/p
Bebidas,Castillo De San Diego Blanco 2019,"3,75 €","3,75 €/ud",https://www.carrefour.es/supermercado/zumo-de-melocoton-juver-sin-azucar-anadido-brik-2-l-juver/R-521028167/p
Bebidas,Néctar de piña Minute Maid botella 1 l.,"1,59 €","1,59 €/l",https://www.carrefour.es/supermercado/cerveza-voll-damm-doble-malta-pack-de-12-botellas-de-25-cl-voll-damm/R-804324146/p
Bebidas,Agua mineral Lanjarón tapón deportivo 33 cl.,"0,57 €","1,73 €/l",https://www.carrefour.es/supermercado/cerveza-voll-damm-doble-malta-pack-de-12-botellas-de-25-cl-voll-damm/R-804324146/p
Bebidas,Néctar de guayaba Carrefour brik 1 l.,"1,00 €","1,00 €/l",https://www.carrefour.es/supermercado/agua-mineral-carrefour-natural-tapon-deportivo-75-cl-carrefour/R-prod840294/p
Bebidas,Néctar de piña Granini GO! pack 3 briks 200 ml.  ,"1,45 €","2,42 €/l",https://www.carrefour.es/supermercado/agua-mineral-carrefour-natural-tapon-deportivo-75-cl-carrefour/R-prod840294/p
Bebidas,Martini,"12,97 €","8,65 €/l",https://www.carrefour.es/supermercado/bebida-de-naranja-carrefour-sin-azucar-pack-de-6-briks-de-20-cl-carrefour/R-prod730841/p
Bebidas,Zumo de manzana Don Simón pack de 6 briks de 20 cl.,"1,65 €","1,37 €/l",https://www.carrefour.es/supermercado/bebida-de-naranja-carrefour-sin-azucar-pack-de-6-briks-de-20-cl-carrefour/R-prod730841/p
Bebidas,"Agua mineral Carrefour con zumo de frutas del bosque zero sin azúcares añadidos 1,5 l.","0,85 €","0,57 €/l",https://www.carrefour.es/supermercado/agua-mineral-carrefour-con-zumo-de-frutas-del-bosque-zero-sin-azucares-anadidos-1-5-l/R-VC4AECOMM-435080/p
Bebidas,Cider Ladrón de manzanas lata 33 cl.,"1,31 €","3,97 €/l",https://www.carrefour.es/supermercado/agua-mineral-carrefour-con-zumo-de-frutas-del-bosque-zero-sin-azucares-anadidos-1-5-l/R-VC4AECOMM-435080/p
Bebidas,Cerveza El Águila sin filtrar lata 33 cl.,"0,77 €","2,33 €/l",https://www.carrefour.es/supermercado/cider-ladron-de-manzanas-lata-33-cl-ladron-de-manzanas/R-prod590264/p
Bebidas,"Refresco de naranja Carrefour sin gas botella 1,5 l.","0,71 €","0,47 €/l",https://www.carrefour.es/supermercado/cider-ladron-de-manzanas-lata-33-cl-ladron-de-manzanas/R-prod590264/p
Bebidas,Cerveza Carrefour especial lata 33 cl.,"0,28 €","0,85 €/l",https://www.carrefour.es/supermercado/cerveza-el-aguila-sin-filtrar-lata-33-cl-el-aguila/R-fprod1190420/p
Bebidas,Cerveza Amstel Radler con zumo limón lata 33 cl.,"0,63 €","1,91 €/l",https://www.carrefour.es/supermercado/cerveza-el-aguila-sin-filtrar-lata-33-cl-el-aguila/R-fprod1190420/p
Bebidas,Vino D.O. Valdepeñas tinto tempranillo Viña Lobón 75 cl.,"1,20 €","1,20 €/ud",https://www.carrefour.es/supermercado/refresco-de-naranja-carrefour-sin-gas-botella-1-5-l-carrefour/R-520660606/p
Bebidas,Zumo de 10 frutas y vitaminas Juver-Disfruta pack de 6 briks de 20 cl.,"2,33 €","1,94 €/l",https://www.carrefour.es/supermercado/refresco-de-naranja-carrefour-sin-gas-botella-1-5-l-carrefour/R-520660606/p
Bebidas,"Tinto de verano con limón botella La Casera 1,5 l.","1,86 €","1,24 €/l",https://www.carrefour.es/supermercado/cerveza-carrefour-especial-lata-33-cl-carrefour/R-858808155/p
Bebidas,Cerveza Mahou Sin alcohol lata 33 cl.,"0,58 €","1,76 €/l",https://www.carrefour.es/supermercado/cerveza-carrefour-especial-lata-33-cl-carrefour/R-858808155/p
Bebidas,Agua mineral con gas Vichy Catalán natural 33 cl.,"0,88 €","2,67 €/l",https://www.carrefour.es/supermercado/cerveza-amstel-radler-con-zumo-limon-lata-33-cl-amstel-radler/R-784401335/p
Bebidas,Freixenet Carta Nevada Semiseco Cava,"5,40 €","5,40 €/ud",https://www.carrefour.es/supermercado/cerveza-amstel-radler-con-zumo-limon-lata-33-cl-amstel-radler/R-784401335/p
Bebidas,Zumo de narqanja ecológico Carrefour Bio brik 1 l.,"2,09 €","2,09 €/l",https://www.carrefour.es/supermercado/vino-do-valdepenas-tinto-tempranillo-vina-lobon-75-cl-vina-lobon/R-789105172/p
Bebidas,Refresco de cola Coca Cola pack de 4 botellas de 50 cl.,"3,96 €","1,98 €/l",https://www.carrefour.es/supermercado/vino-do-valdepenas-tinto-tempranillo-vina-lobon-75-cl-vina-lobon/R-789105172/p
Bebidas,Agua mineral con gas Vichy Catalán natural 50 cl.,"1,06 €","2,12 €/l",https://www.carrefour.es/supermercado/zumo-de-10-frutas-y-vitaminas-juver-disfruta-pack-de-6-briks-de-20-cl-juver-disfruta/R-821300648/p
Bebidas,Refresco de limón Carrefour con gas botella 2 l.,"0,68 €","0,34 €/l",https://www.carrefour.es/supermercado/zumo-de-10-frutas-y-vitaminas-juver-disfruta-pack-de-6-briks-de-20-cl-juver-disfruta/R-821300648/p
Bebidas,"Tónica Carrefour botella 1,5 l.","0,62 €","0,41 €/l",https://www.carrefour.es/supermercado/tinto-de-verano-con-limon-botella-la-casera-1-5-l-la-casera/R-520661447/p
Bebidas,Cerveza Carrefour Lager pack de 24 botellas de 25 cl.,"5,50 €","0,92 €/l",https://www.carrefour.es/supermercado/tinto-de-verano-con-limon-botella-la-casera-1-5-l-la-casera/R-520661447/p
Bebidas,Bebida refrescante de té al limón,"1,11 €","1,11 €/l",https://www.carrefour.es/supermercado/cerveza-mahou-sin-alcohol-lata-33-cl-mahou-sin/R-520661382/p
Bebidas,"Zumo de melocotón, manzana y uva Don Simón pack de 6 briks de 20 cl.","1,65 €","1,37 €/l",https://www.carrefour.es/supermercado/cerveza-mahou-sin-alcohol-lata-33-cl-mahou-sin/R-520661382/p
Bebidas,Zumo de manzana ecológico Delizum botella 1 l.,"2,25 €","2,25 €/l",https://www.carrefour.es/supermercado/agua-mineral-con-gas-vichy-catalan-natural-33-cl-vichy-catalan/R-684403400/p
Bebidas,Zumo de manzana Juver-Disfruta sin azúcar añadido brik 2 l.,"2,39 €","1,19 €/l",https://www.carrefour.es/supermercado/agua-mineral-con-gas-vichy-catalan-natural-33-cl-vichy-catalan/R-684403400/p
Bebidas,"Cerveza Desperados sabor tequila, lima y cactus botella 33 cl","1,42 €","4,30 €/l",https://www.carrefour.es/supermercado/cava-freixenet-semiseco-75-cl-freixenet/R-520662221/p
Bebidas,Vino D.O. Rioja tinto crianza 3 Reinos 75 cl.,"2,95 €","2,95 €/ud",https://www.carrefour.es/supermercado/cava-freixenet-semiseco-75-cl-freixenet/R-520662221/p
Bebidas,Refresco de cola Pepsi pack de 2 botellas de 2 l.,"2,55 €","1,27 €/l",https://www.carrefour.es/supermercado/refresco-de-cola-pepsi-pack-de-2-botellas-de-2-l-pepsi/R-530014501/p
Bebidas,Vino dulce Pedro Ximenez De Nuestra Tierra D.O. Montilla-Moriles 75 cl.,"7,95 €","7,95 €/ud",https://www.carrefour.es/supermercado/refresco-de-cola-pepsi-pack-de-2-botellas-de-2-l-pepsi/R-530014501/p
Bebidas,Cerveza Inedit Damm malta botella 33 cl.,"1,30 €","3,94 €/l",https://www.carrefour.es/supermercado/vino-dulce-pedro-ximenez-de-nuestra-tierra-do-montilla-moriles-75-cl-de-nuestra-tierra/R-prod870393/p
Bebidas,Cerveza rubia Heineken Lager pack de 6 botellas de 25 cl.,"3,83 €","2,55 €/l",https://www.carrefour.es/supermercado/vino-dulce-pedro-ximenez-de-nuestra-tierra-do-montilla-moriles-75-cl-de-nuestra-tierra/R-prod870393/p
Bebidas,Cerveza Voll Damm doble malta lata 33 cl.,"0,79 €","2,39 €/l",https://www.carrefour.es/supermercado/cerveza-inedit-damm-malta-botella-33-cl-inedit-damm/R-788499255/p
Bebidas,Zumo de manzana 100% Fruta Granini botella 1 l. ,"2,10 €","2,10 €/l",https://www.carrefour.es/supermercado/cerveza-inedit-damm-malta-botella-33-cl-inedit-damm/R-788499255/p
Bebidas,Agua mineral Solán de Cabras natural 33 cl.,"0,50 €","1,52 €/l",https://www.carrefour.es/supermercado/cerveza-rubia-heineken-lager-pack-de-6-botellas-de-25-cl-heineken/R-520661253/p
Bebidas,Cerveza rubia Ambar Tipo IPA lata 44 cl.,"1,25 €","2,84 €/l",https://www.carrefour.es/supermercado/cerveza-rubia-heineken-lager-pack-de-6-botellas-de-25-cl-heineken/R-520661253/p
Bebidas,Néctar de pera Carrefour brik 1 l.,"0,68 €","0,68 €/l",https://www.carrefour.es/supermercado/cerveza-voll-damm-doble-malta-lata-33-cl-voll-damm/R-520661160/p
Bebidas,"Aquarius sabor naranja botella 1,5 l.","1,72 €","1,15 €/l",https://www.carrefour.es/supermercado/cerveza-voll-damm-doble-malta-lata-33-cl-voll-damm/R-520661160/p
Bebidas,Zumo de tomate Granini botella 1 l.,"2,10 €","2,10 €/l",https://www.carrefour.es/supermercado/zumo-de-manzana-100-fruta-granini-botella-1-l-granini/R-520660902/p
Bebidas,Protos Tinto Roble 2018,"8,35 €","8,35 €/ud",https://www.carrefour.es/supermercado/zumo-de-manzana-100-fruta-granini-botella-1-l-granini/R-520660902/p
Bebidas,Néctar de cóctel de frutas Granini botella 1 l.,"2,35 €","2,35 €/l",https://www.carrefour.es/supermercado/agua-mineral-solan-de-cabras-natural-33-cl-solan-de-cabras/R-520661019/p
Bebidas,Zumo de 10 frutas y vitaminas Juver sin azúcar añadido brik 2 l.,"2,39 €","1,19 €/l",https://www.carrefour.es/supermercado/agua-mineral-solan-de-cabras-natural-33-cl-solan-de-cabras/R-520661019/p
Bebidas,Zumo de naranja Don Simón exprimido sin pulpa botella 1 l.,"2,00 €","2,00 €/l",https://www.carrefour.es/supermercado/cerveza-rubia-ambar-tipo-ipa-lata-44-cl-ambar/R-prod740067/p
Bebidas,"Refresco de limón Carrefour sin gas botella 1,5 l.","0,71 €","0,47 €/l",https://www.carrefour.es/supermercado/cerveza-rubia-ambar-tipo-ipa-lata-44-cl-ambar/R-prod740067/p
Bebidas,Cerveza Cruzcampo Shandy con limón lata 33 cl.,"0,68 €","2,06 €/l",https://www.carrefour.es/supermercado/nectar-de-pera-carrefour-brik-1-l-carrefour/R-784208961/p
Bebidas,Cerveza Amstel Clásica lata 33 cl.,"0,31 €","0,94 €/l",https://www.carrefour.es/supermercado/nectar-de-pera-carrefour-brik-1-l-carrefour/R-784208961/p
Bebidas,Cerveza Mahou 5 Estrellas especial pack de 6 botellas de 25 cl.,"3,49 €","2,33 €/l",https://www.carrefour.es/supermercado/aquarius-sabor-naranja-botella-1-5-l-aquarius/R-526403972/p
Bebidas,Sprite de lima-limón bajo en azúcar lata 33 cl.,"0,48 €","1,45 €/l",https://www.carrefour.es/supermercado/aquarius-sabor-naranja-botella-1-5-l-aquarius/R-526403972/p
Bebidas,Limonada Minute Maid botella 1 l.,"1,49 €","1,49 €/l",https://www.carrefour.es/supermercado/zumo-de-tomate-granini-botella-1-l-granini/R-520660918/p
Bebidas,Zumo de piña ecológico Delizum botella 1 l.,"2,40 €","2,40 €/l",https://www.carrefour.es/supermercado/zumo-de-tomate-granini-botella-1-l-granini/R-520660918/p
Bebidas,"Cerveza Buckler 0,0 sin alcohol Radler con limón lata 33 cl.","0,66 €","2,00 €/l",https://www.carrefour.es/supermercado/vino-do-ribera-del-duero-tinto-roble-protos-75-cl-protos/R-520662558/p
Bebidas,Sprite de lima-limón pack 2 botellas 2 l.,"2,56 €","0,64 €/l",https://www.carrefour.es/supermercado/vino-do-ribera-del-duero-tinto-roble-protos-75-cl-protos/R-520662558/p
Bebidas,"Agua mineral Carrefour con zumo de naranja zero azúcares añadidos 1,5 l.","0,85 €","0,57 €/l",https://www.carrefour.es/supermercado/agua-mineral-carrefour-con-zumo-de-naranja-zero-azucares-anadidos-1-5-l/R-VC4AECOMM-435081/p
Bebidas,Bebida de naranja y mango Carrefour sin azúcar añadidoes brik 1 l.,"0,86 €","0,86 €/l",https://www.carrefour.es/supermercado/agua-mineral-carrefour-con-zumo-de-naranja-zero-azucares-anadidos-1-5-l/R-VC4AECOMM-435081/p
Bebidas,Bebida de fruta zanahoria y naranja Granini botella 1 l.,"2,35 €","2,35 €/l",https://www.carrefour.es/supermercado/bebida-de-naranja-y-mango-carrefour-sin-azucar-anadidoes-brik-1-l-carrefour/R-prod730768/p
Bebidas,Cerveza San Miguel especial Lager pack de 24 botellas de 25 cl.,"10,28 €","1,71 €/l",https://www.carrefour.es/supermercado/bebida-de-naranja-y-mango-carrefour-sin-azucar-anadidoes-brik-1-l-carrefour/R-prod730768/p
Bebidas,Cerveza tostada Free Damm 0.0 alcohol lata 33 cl.,"0,60 €","1,82 €/l",https://www.carrefour.es/supermercado/bebida-de-fruta-zanahoria-y-naranja-granini-botella-1-l-granini/R-520660995/p
Bebidas,Monster Absolutely bebida energética zero azúcar lata 50 cl.,"1,49 €","2,98 €/l",https://www.carrefour.es/supermercado/bebida-de-fruta-zanahoria-y-naranja-granini-botella-1-l-granini/R-520660995/p
Bebidas,Refresco de naranja Carrefour con gas light botella 2 l.,"0,68 €","0,34 €/l",https://www.carrefour.es/supermercado/cerveza-san-miguel-especial-lager-pack-de-24-botellas-de-25-cl-san-miguel/R-521028273/p
Bebidas,Refresco de cola Coca Cola zero sin cafeína botella 2 l.,"1,80 €","0,90 €/l",https://www.carrefour.es/supermercado/cerveza-san-miguel-especial-lager-pack-de-24-botellas-de-25-cl-san-miguel/R-521028273/p
Bebidas,"Cerveza San Miguel 0,0 sin alcohol Lager lata 33 cl.","0,58 €","1,76 €/l",https://www.carrefour.es/supermercado/cerveza-tostada-free-damm-00-alcohol-lata-33-cl/R-VC4AECOMM-549742/p
Bebidas,Bebida espirituosa Soberano 1 l.,"8,35 €","8,35 €/l",https://www.carrefour.es/supermercado/cerveza-tostada-free-damm-00-alcohol-lata-33-cl/R-VC4AECOMM-549742/p
Bebidas,Zumo de melocotón ecológico Delizum botella 1 l.,"2,25 €","2,25 €/l",https://www.carrefour.es/supermercado/monster-absolutely-bebida-energetica-zero-azucar-lata-50-cl-monster/R-814300409/p
Bebidas,Zumo de frutos rojos Juver Exótico sin azúcar añadido añadido brik 1 l.,"1,31 €","1,31 €/l",https://www.carrefour.es/supermercado/monster-absolutely-bebida-energetica-zero-azucar-lata-50-cl-monster/R-814300409/p
Bebidas,Refresco de cola Pepsi Max zero pack de 9 latas de 33 cl.,"4,74 €","1,60 €/l",https://www.carrefour.es/supermercado/refresco-de-naranja-carrefour-con-gas-light-botella-2-l-carrefour/R-632701996/p
Bebidas,Martin Codax Blanco 2019,"10,50 €","10,50 €/ud",https://www.carrefour.es/supermercado/refresco-de-naranja-carrefour-con-gas-light-botella-2-l-carrefour/R-632701996/p
Bebidas,Whisky Ballantine's escocés 1 l.,"14,94 €","14,94 €/l",https://www.carrefour.es/supermercado/refresco-de-cola-coca-cola-zero-sin-cafeina-botella-2-l-coca-cola/R-551303335/p
Bebidas,"Néctar de naranja Don Simón Disfruta sin azúcar añadido botella 1,5 l.","1,32 €","0,88 €/l",https://www.carrefour.es/supermercado/refresco-de-cola-coca-cola-zero-sin-cafeina-botella-2-l-coca-cola/R-551303335/p
Bebidas,"Cerveza Amstel 0,0 sin alcohol Radler con limón lata 33 cl.","0,63 €","1,91 €/l",https://www.carrefour.es/supermercado/cerveza-san-miguel-0-0-sin-alcohol-lager-lata-33-cl-san-miguel-0-0/R-520661380/p
Bebidas,Néctar de melocotón Minute Maid botella 1 l.,"1,59 €","1,59 €/l",https://www.carrefour.es/supermercado/cerveza-san-miguel-0-0-sin-alcohol-lager-lata-33-cl-san-miguel-0-0/R-520661380/p
Bebidas,Néctar de piña Carrefour brik 1 l.,"0,63 €","0,63 €/l",https://www.carrefour.es/supermercado/bebida-espirituosa-soberano-1-l-soberano/R-526600640/p
Bebidas,Néctar de melocotón y uva Carrefour brik 1 l.,"0,63 €","0,63 €/l",https://www.carrefour.es/supermercado/bebida-espirituosa-soberano-1-l-soberano/R-526600640/p
Bebidas,Refresco de cola Pepsi light sin cafeína botella 2 l.,"1,33 €","0,66 €/l",https://www.carrefour.es/supermercado/zumo-de-melocoton-ecologico-delizum-botella-1-l-delizum/R-864802139/p
Bebidas,Cerveza Carrefour Lager sin alcohol pack de 6 botellas de 25 cl.,"1,60 €","1,07 €/l",https://www.carrefour.es/supermercado/zumo-de-melocoton-ecologico-delizum-botella-1-l-delizum/R-864802139/p
Bebidas,Sidra ecológica Maeloc achampanada extra botella 75 cl.,"1,99 €","1,99 €/ud",https://www.carrefour.es/supermercado/zumo-de-frutos-rojos-juver-exotico-sin-azucar-anadido-anadido-brik-1-l-juver/R-700809232/p
Bebidas,"Refresco de manzana Carrefour sin gas botella 1,5 l.","0,71 €","0,47 €/l",https://www.carrefour.es/supermercado/zumo-de-frutos-rojos-juver-exotico-sin-azucar-anadido-anadido-brik-1-l-juver/R-700809232/p
Bebidas,Néctar de pera Granini Selección botella 1 l.  ,"2,33 €","2,33 €/l",https://www.carrefour.es/supermercado/nectar-de-pera-granini-seleccion-botella-1-l-granini/R-520660961/p
Bebidas,Ruavieja Licor De Hierbas Hierbas,"8,95 €","12,79 €/l",https://www.carrefour.es/supermercado/nectar-de-pera-granini-seleccion-botella-1-l-granini/R-520660961/p
Bebidas,Yllera 5.5 Verdejo Frizzante,"6,50 €","6,50 €/ud",https://www.carrefour.es/supermercado/licor-de-orujo-de-hierbas-ruavieja-70-cl-ruavieja/R-520663041/p
Bebidas,Zumo Bifrutas Tropical zero brik 1 l.,"1,67 €","1,67 €/l",https://www.carrefour.es/supermercado/licor-de-orujo-de-hierbas-ruavieja-70-cl-ruavieja/R-520663041/p
Bebidas,Vino Mayor de Castilla D.O. Ribera del Duero Roble caja de 6 botellas de 75 cl.,"3,49 €","16,00 €/ud",https://www.carrefour.es/supermercado/vino-frizzante-blanco-verdejo-yllera-55-75-cl-yllera-55/R-618404982/p
Bebidas,Pazo Ribeiro Blanco 2019,"1,37 €","3,49 €/ud",https://www.carrefour.es/supermercado/vino-frizzante-blanco-verdejo-yllera-55-75-cl-yllera-55/R-618404982/p
Bebidas,Cerveza Desperados sabor mojito botella 33 cl.,"0,72 €","4,15 €/l",https://www.carrefour.es/supermercado/zumo-bifrutas-tropical-zero-brik-1-l-bifrutas/R-843001367/p
Bebidas,Cerveza Turia Märzen de Valencia tostada lata 33 cl.,"1,11 €","2,18 €/l",https://www.carrefour.es/supermercado/zumo-bifrutas-tropical-zero-brik-1-l-bifrutas/R-843001367/p
Bebidas,7UP de lima-limón botella 2 l.,"1,20 €","0,55 €/l",https://www.carrefour.es/supermercado/vino-mayor-de-castilla-do-ribera-del-duero-roble-caja-de-6-botellas-de-75-cl-mayor-de-castilla/R-prod410574/p
Bebidas,Coca Cola zero sin cafeína botella 50 cl.,"4,15 €","2,40 €/l",https://www.carrefour.es/supermercado/vino-mayor-de-castilla-do-ribera-del-duero-roble-caja-de-6-botellas-de-75-cl-mayor-de-castilla/R-prod410574/p
Bebidas,Bach Blanco,"1,64 €","4,15 €/ud",https://www.carrefour.es/supermercado/vino-blanco-pazo-do-ribeiro-75-cl-pazo/R-521007961/p
Bebidas,Zumo multifrutas Carrefour exprimido brik 1 l.,"1,06 €","1,64 €/l",https://www.carrefour.es/supermercado/vino-blanco-pazo-do-ribeiro-75-cl-pazo/R-521007961/p
Bebidas,Agua mineral Teleno natural 5 l.,"0,28 €","0,21 €/l",https://www.carrefour.es/supermercado/cerveza-desperados-sabor-mojito-botella-33-cl-desperados/R-prod310094/p
Bebidas,Refresco de limón Carrefour con gas lata 33 cl.,"1,59 €","0,85 €/l",https://www.carrefour.es/supermercado/cerveza-desperados-sabor-mojito-botella-33-cl-desperados/R-prod310094/p
Bebidas,Zumo de arándano Carrefour brik 1 l.,"2,15 €","1,59 €/l",https://www.carrefour.es/supermercado/cerveza-turia-marzen-de-valencia-tostada-lata-33-cl-turia/R-804324148/p
Bebidas,Cerveza artesana BrewDog Punk IPA botella 33 cl.,"2,21 €","6,52 €/l",https://www.carrefour.es/supermercado/cerveza-turia-marzen-de-valencia-tostada-lata-33-cl-turia/R-804324148/p
Bebidas,Kombucha de té verde ecológico Komvida botella 25 cl,"2,33 €","8,84 €/l",https://www.carrefour.es/supermercado/7up-de-lima-limon-botella-2-l-7up/R-520660588/p
Bebidas,Zumo de frutas tropicales Juver-Disfruta sin azúcar añadido pack de 6 briks de 20 cl.,"1,91 €","1,94 €/l",https://www.carrefour.es/supermercado/7up-de-lima-limon-botella-2-l-7up/R-520660588/p
Bebidas,Zumo de fresa y plátano 0% materia grasa Bifrutas sin gluten pack de 6 briks de 200 ml.,"1,55 €","1,59 €/l",https://www.carrefour.es/supermercado/coca-cola-zero-sin-cafeina-botella-50-cl-coca-cola/R-769403233/p
Bebidas,Cerveza 1906 reserva especial botella 50 cl.,"2,25 €","3,10 €/l",https://www.carrefour.es/supermercado/coca-cola-zero-sin-cafeina-botella-50-cl-coca-cola/R-769403233/p
Bebidas,Vino D.O. Montilla-Moriles fino Deley 75 cl.,"0,99 €","2,25 €/ud",https://www.carrefour.es/supermercado/vino-blanco-semi-dulce-bach-do-cataluna-75-cl-bach/R-520662825/p
Bebidas,"Cerveza Ambar 0,0 sin alcohol sin gluten botella 33 cl.","2,80 €","3,00 €/l",https://www.carrefour.es/supermercado/vino-blanco-semi-dulce-bach-do-cataluna-75-cl-bach/R-520662825/p
Bebidas,"Zumo de manzana Appletiser pack 4 botellas 27,5 cl.","1,32 €","2,55 €/l",https://www.carrefour.es/supermercado/zumo-multifrutas-carrefour-exprimido-brik-1-l-carrefour/R-521030022/p
Bebidas,Faustino Vii Tinto,"3,75 €","3,75 €/ud",https://www.carrefour.es/supermercado/vino-do-rioja-tinto-faustino-vii-75-cl-faustino-vii/R-520662342/p
Bebidas,Cerveza Grimbergen Double-Ambrée belga botella 33 cl.,"1,65 €","5,00 €/l",https://www.carrefour.es/supermercado/vino-do-rioja-tinto-faustino-vii-75-cl-faustino-vii/R-520662342/p
Bebidas,7UP Free sin azúcar lata 33 cl.,"0,50 €","1,52 €/l",https://www.carrefour.es/supermercado/cerveza-grimbergen-double-ambree-belga-botella-33-cl-grimbergen/R-521007959/p
Bebidas,Vino frizzante blanco verdejo Amaranta 75 cl.,"2,39 €","2,39 €/ud",https://www.carrefour.es/supermercado/cerveza-grimbergen-double-ambree-belga-botella-33-cl-grimbergen/R-521007959/p
Bebidas,Cerveza tostada San Miguel Selecta botella 33 cl.,"0,90 €","2,73 €/l",https://www.carrefour.es/supermercado/7up-free-sin-azucar-lata-33-cl-7up/R-521011780/p
Bebidas,Monster Green bebida energética pack de 6 latas de 50 cl.,"7,68 €","2,56 €/l",https://www.carrefour.es/supermercado/7up-free-sin-azucar-lata-33-cl-7up/R-521011780/p
Bebidas,Schweppes de limón lata 25 cl.,"0,69 €","2,76 €/l",https://www.carrefour.es/supermercado/vino-frizzante-blanco-verdejo-amaranta-75-cl/R-VC4AECOMM-439350/p
Bebidas,"Agua mineral y zumo de manzana zero carrefour 1,5 l.","0,85 €","0,57 €/l",https://www.carrefour.es/supermercado/vino-frizzante-blanco-verdejo-amaranta-75-cl/R-VC4AECOMM-439350/p
Bebidas,"Cerveza Buckler 0,0 alcohol malta pack 6 botellas 25 cl.","2,55 €","1,70 €/l",https://www.carrefour.es/supermercado/cerveza-tostada-san-miguel-selecta-botella-33-cl-san-miguel/R-520661134/p
Bebidas,Zumo de piña Juver exprimido sin azúcar brik 1 l.,"1,83 €","1,83 €/l",https://www.carrefour.es/supermercado/cerveza-tostada-san-miguel-selecta-botella-33-cl-san-miguel/R-520661134/p
Bebidas,Tónica Schweppes pink botella 1 l.,"1,75 €","1,75 €/l",https://www.carrefour.es/supermercado/monster-green-bebida-energetica-pack-de-6-latas-de-50-cl-monster/R-792905225/p
Bebidas,Cava Jaume Serra brut nature 75 cl.,"2,95 €","2,95 €/ud",https://www.carrefour.es/supermercado/monster-green-bebida-energetica-pack-de-6-latas-de-50-cl-monster/R-792905225/p
Bebidas,Vino tinto Marqués Griñón pack de 6 botellas de 75 cl.,"10,90 €","18,00 €/ud",https://www.carrefour.es/supermercado/schweppes-de-limon-lata-25-cl-schweppes/R-833501762/p
Bebidas,Cerveza Ambar Lager especial pack de 18 latas de 33 cl.,"0,65 €","1,84 €/l",https://www.carrefour.es/supermercado/schweppes-de-limon-lata-25-cl-schweppes/R-833501762/p
Bebidas,Cerveza rubia Kirin Ichiban botella 33 cl.,"13,70 €","3,30 €/l",https://www.carrefour.es/supermercado/agua-mineral-y-zumo-de-manzana-zero-carrefour-1-5-l/R-VC4AECOMM-435254/p
Bebidas,Refresco de limón Trina sin gas lata 33 cl.,"1,18 €","1,97 €/l",https://www.carrefour.es/supermercado/agua-mineral-y-zumo-de-manzana-zero-carrefour-1-5-l/R-VC4AECOMM-435254/p
Bebidas,Whisky J&B escocés 1 l.,"1,99 €","13,70 €/l",https://www.carrefour.es/supermercado/cerveza-buckler-0-0-alcohol-malta-pack-6-botellas-25-cl-buckler-0-0/R-521013721/p
Bebidas,Zumo de clementinas Carrefour exprimido brik de 1 l.,"0,69 €","1,18 €/l",https://www.carrefour.es/supermercado/cerveza-buckler-0-0-alcohol-malta-pack-6-botellas-25-cl-buckler-0-0/R-521013721/p
Bebidas,Mosto Greip tinto botella 1 l.,"3,15 €","1,99 €/l",https://www.carrefour.es/supermercado/zumo-de-pina-juver-exprimido-sin-azucar-brik-1-l-juver/R-prod880066/p
Bebidas,Zumo de fruta y leche Carrefour Mediterráneo pack de 3 briks de 33 cl.,"1,42 €","0,70 €/l",https://www.carrefour.es/supermercado/zumo-de-pina-juver-exprimido-sin-azucar-brik-1-l-juver/R-prod880066/p
Bebidas,Peñascal Rosado Joven,"1,00 €","3,15 €/ud",https://www.carrefour.es/supermercado/tonica-schweppes-pink-botella-1-l-schweppes/R-prod971535/p
Bebidas,"Agua mineral Font Vella Sensación con zumo de manzana 1,25 l.","0,59 €","1,14 €/l",https://www.carrefour.es/supermercado/tonica-schweppes-pink-botella-1-l-schweppes/R-prod971535/p
Bebidas,Cerveza negra Carrefour lata 33 cl.,"0,41 €","1,24 €/l",https://www.carrefour.es/supermercado/cerveza-negra-carrefour-lata-33-cl/R-VC4AECOMM-420556/p
Bebidas,La Planta Tinto Con Crianza 2018,"8,50 €","8,50 €/ud",https://www.carrefour.es/supermercado/cerveza-negra-carrefour-lata-33-cl/R-VC4AECOMM-420556/p
Bebidas,Refresco de naranja Tang sin gas en polvo 30 g.,"0,49 €","16,33 €/kg",https://www.carrefour.es/supermercado/vino-do-ribera-del-duero-tinto-roble-la-planta-75-cl-la-planta/R-654802095/p
Bebidas,Mosto Greip blanco botella 1 l.,"1,99 €","1,99 €/l",https://www.carrefour.es/supermercado/vino-do-ribera-del-duero-tinto-roble-la-planta-75-cl-la-planta/R-654802095/p
Bebidas,Bebida espirituosa Veterano 1 l.,"8,25 €","8,25 €/l",https://www.carrefour.es/supermercado/refresco-de-naranja-tang-sin-gas-en-polvo-30-g-tang/R-529039384/p
Bebidas,Fanta de naranja botella 2 l.,"1,49 €","0,74 €/l",https://www.carrefour.es/supermercado/refresco-de-naranja-tang-sin-gas-en-polvo-30-g-tang/R-529039384/p
Bebidas,Zumo Sunny Delight Florida pack de 4 botellas de 20 cl.,"1,50 €","1,87 €/l",https://www.carrefour.es/supermercado/mosto-greip-blanco-botella-1-l-greip/R-530363202/p
Bebidas,Cerveza Ak Damm botella 33 cl.,"1,08 €","3,27 €/l",https://www.carrefour.es/supermercado/mosto-greip-blanco-botella-1-l-greip/R-530363202/p
Bebidas,Cerveza Cruzcampo Ipa Andalusian lata de 33 cl.,"1,00 €","3,03 €/l",https://www.carrefour.es/supermercado/bebida-espirituosa-veterano-1-l-veterano/R-520662692/p
Bebidas,Coca Cola light pack 2 botellas 2 l.,"3,44 €","0,86 €/l",https://www.carrefour.es/supermercado/bebida-espirituosa-veterano-1-l-veterano/R-520662692/p
Bebidas,Monster Ultra zero azúcar bebida energética lata 50 cl.,"1,49 €","2,98 €/l",https://www.carrefour.es/supermercado/fanta-de-naranja-botella-2-l-fanta/R-520660555/p
Bebidas,Cerveza Heineken Lager lata 50 cl.,"1,14 €","2,28 €/l",https://www.carrefour.es/supermercado/fanta-de-naranja-botella-2-l-fanta/R-520660555/p
Bebidas,Johnnie Walker Double Black Whisky,"28,20 €","40,29 €/l",https://www.carrefour.es/supermercado/zumo-sunny-delight-florida-pack-de-4-botellas-de-20-cl-sunny-delight/R-713822880/p
Bebidas,"Nestea de limón sin azúcar desteinado botella 1,5 l.","1,67 €","1,11 €/l",https://www.carrefour.es/supermercado/zumo-sunny-delight-florida-pack-de-4-botellas-de-20-cl-sunny-delight/R-713822880/p
Bebidas,Bebida de guayaba Carrefour sin azúcar añadido brik 1 l.,"1,00 €","1,00 €/l",https://www.carrefour.es/supermercado/cerveza-ak-damm-botella-33-cl-ak-damm/R-520661158/p
Bebidas,Cerveza Cruzcampo gran reserva malta pack de 10 latas de 33 cl.,"7,65 €","2,32 €/l",https://www.carrefour.es/supermercado/cerveza-ak-damm-botella-33-cl-ak-damm/R-520661158/p
Bebidas,Néctar de naranja Carrefour brik 1 l.,"0,63 €","0,63 €/l",https://www.carrefour.es/supermercado/cerveza-cruzcampo-ipa-andalusian-lata-de-33-cl/R-VC4AECOMM-476322/p
Bebidas,Cerveza Damm Lemon con limón botella 25 cl.,"0,52 €","2,08 €/l",https://www.carrefour.es/supermercado/cerveza-cruzcampo-ipa-andalusian-lata-de-33-cl/R-VC4AECOMM-476322/p
Bebidas,Cerveza Budweiser Lager pack de 6 botellas de 25 cl.,"3,72 €","2,48 €/l",https://www.carrefour.es/supermercado/coca-cola-light-pack-2-botellas-2-l-coca-cola/R-530604664/p
Bebidas,Vino sweet semi dulce blanco Alma de Valdeguerra 75 cl.,"3,60 €","3,60 €/ud",https://www.carrefour.es/supermercado/coca-cola-light-pack-2-botellas-2-l-coca-cola/R-530604664/p
Bebidas,Zumo de pera ecológico Delizum botella 1 l.,"2,49 €","2,49 €/l",https://www.carrefour.es/supermercado/monster-ultra-zero-azucar-bebida-energetica-lata-50-cl-monster/R-839204772/p
Bebidas,Cerveza negra Estrella Galicia 0.0 alcohol pack 6 botellas 25 cl.,"4,05 €","2,70 €/l",https://www.carrefour.es/supermercado/monster-ultra-zero-azucar-bebida-energetica-lata-50-cl-monster/R-839204772/p
Bebidas,Té de limón zero Carrefour botella 1 l.,"0,45 €","0,45 €/l",https://www.carrefour.es/supermercado/cerveza-heineken-lager-lata-50-cl-heineken/R-521011927/p
Bebidas,Bebida espirituosa Terry Centenario 1 l.,"8,99 €","8,99 €/l",https://www.carrefour.es/supermercado/cerveza-heineken-lager-lata-50-cl-heineken/R-521011927/p
Bebidas,Dominio De Nogara Tinto 2019,"9,90 €","9,90 €/ud",https://www.carrefour.es/supermercado/vino-tinto-roble-dominio-de-nogara-do-ribera-del-duero-75-cl-dominio-de-nogara/R-fprod1200276/p
Bebidas,"Font Vella La Limonada con hierbabuena sin gas zero azúcares botella 1,25 l.","1,38 €","1,10 €/l",https://www.carrefour.es/supermercado/vino-tinto-roble-dominio-de-nogara-do-ribera-del-duero-75-cl-dominio-de-nogara/R-fprod1200276/p
Bebidas,Agua mineral Aquabona 50 cl.,"0,41 €","0,82 €/l",https://www.carrefour.es/supermercado/HuchaPromocion?promoId=huchaDisc420145
Bebidas,"Néctar de piña Don Simón Disfruta sin azúcar añadido botella 1,5 l.","1,32 €","0,88 €/l",https://www.carrefour.es/supermercado/font-vella-la-limonada-con-hierbabuena-sin-gas-zero-azucares-botella-1-25-l/R-VC4AECOMM-474599/p
Bebidas,Zumo pacífico zero sin azúcar añadido Bifrutas sin gluten pack de 3 briks de 330 ml.,"1,94 €","1,96 €/l",https://www.carrefour.es/supermercado/font-vella-la-limonada-con-hierbabuena-sin-gas-zero-azucares-botella-1-25-l/R-VC4AECOMM-474599/p
Bebidas,"Cerveza tostada Amstel 0,0 Radler con limón lata 33 cl.","0,66 €","2,00 €/l",https://www.carrefour.es/supermercado/promocion?promoId=promof2550007
Bebidas,"Refresco de manzana Trina zero sin gas botella 1,5 l.","1,65 €","1,10 €/l",https://www.carrefour.es/supermercado/agua-mineral-aquabona-50-cl-aquabona/R-526627408/p
Bebidas,Cerveza Mahou Maestra tostada doble lúpulo lata 33 cl.,"0,84 €","2,55 €/l",https://www.carrefour.es/supermercado/agua-mineral-aquabona-50-cl-aquabona/R-526627408/p
Bebidas,Agua mineral con gas Fonter 1 l.,"0,99 €","0,99 €/l",https://www.carrefour.es/supermercado/nectar-de-pina-don-simon-disfruta-sin-azucar-anadido-botella-1-5-l-don-simon/R-526627322/p
Bebidas,Refresco de limón Trina sin azúcar sin gas lata 33 cl.,"0,65 €","1,97 €/l",https://www.carrefour.es/supermercado/nectar-de-pina-don-simon-disfruta-sin-azucar-anadido-botella-1-5-l-don-simon/R-526627322/p
Bebidas,Cerveza rubia Clausthaler sin alcohol sin filtrar botella 33 cl.,"0,99 €","3,00 €/l",https://www.carrefour.es/supermercado/zumo-pacifico-zero-sin-azucar-anadido-bifrutas-sin-gluten-pack-de-3-briks-de-330-ml-bifrutas/R-prod850182/p
Bebidas,Vino tinto Vegas del Rivilla garrafa 5 l.,"4,75 €","0,95 €/l",https://www.carrefour.es/supermercado/zumo-pacifico-zero-sin-azucar-anadido-bifrutas-sin-gluten-pack-de-3-briks-de-330-ml-bifrutas/R-prod850182/p
Bebidas,Marqués De Cáceres Tinto 2016,"7,30 €","7,30 €/ud",https://www.carrefour.es/supermercado/cerveza-tostada-amstel-0-0-radler-con-limon-lata-33-cl/R-VC4AECOMM-476378/p
Bebidas,Ron Barceló añejo 70 cl.,"13,99 €","19,99 €/l",https://www.carrefour.es/supermercado/cerveza-tostada-amstel-0-0-radler-con-limon-lata-33-cl/R-VC4AECOMM-476378/p
Bebidas,Coca Cola botella 50 cl.,"1,20 €","2,40 €/l",https://www.carrefour.es/supermercado/refresco-de-manzana-trina-zero-sin-gas-botella-1-5-l-trina/R-768503590/p
Bebidas,Whisky Ballantine's escocés 70 cl.,"10,75 €","15,36 €/l",https://www.carrefour.es/supermercado/refresco-de-manzana-trina-zero-sin-gas-botella-1-5-l-trina/R-768503590/p
Bebidas,Cerveza Damm Lemon con limón lata 33 cl.,"0,64 €","1,94 €/l",https://www.carrefour.es/supermercado/cerveza-mahou-maestra-tostada-doble-lupulo-lata-33-cl-mahou/R-835367313/p
Bebidas,Tónica Carrefour pack de 6 botellas de 20 cl.,"1,50 €","1,25 €/l",https://www.carrefour.es/supermercado/cerveza-mahou-maestra-tostada-doble-lupulo-lata-33-cl-mahou/R-835367313/p
Bebidas,Zumo de naranja Don Simón-Disfruta brik 2 l.,"1,98 €","0,99 €/l",https://www.carrefour.es/supermercado/agua-mineral-con-gas-fonter-1-l/R-VC4AECOMM-475711/p
Bebidas,"Agua mineral Font Vella Levité con zumo de piña 1,25 l.","1,27 €","1,02 €/l",https://www.carrefour.es/supermercado/agua-mineral-con-gas-fonter-1-l/R-VC4AECOMM-475711/p
Bebidas,Vino Carrefour tinto Carrefour brik 1 l.,"0,72 €","0,72 €/l",https://www.carrefour.es/supermercado/promocion?promoId=promof2550007
Bebidas,Finca Resalso Tinto 2019,"8,50 €","8,50 €/ud",https://www.carrefour.es/supermercado/refresco-de-limon-trina-sin-azucar-sin-gas-lata-33-cl-trina/R-prod830143/p
Bebidas,"Néctar de piña Granini botella 1,5 l.","3,32 €","2,21 €/l",https://www.carrefour.es/supermercado/refresco-de-limon-trina-sin-azucar-sin-gas-lata-33-cl-trina/R-prod830143/p
Bebidas,Kas de naranja botella de 33 cl.,"0,67 €","2,03 €/l",https://www.carrefour.es/supermercado/HuchaPromocion?promoId=huchaDisc420135
Bebidas,Vino D.O. La Mancha tinto crianza Viña Lobón 75 cl.,"1,50 €","1,50 €/ud",https://www.carrefour.es/supermercado/vino-do-la-mancha-tinto-crianza-vina-lobon-75-cl-vina-lobon/R-855503721/p
Bebidas,Kombucha de jengibre y limón ecológico Komvida botella 50 cl.,"4,16 €","8,32 €/l",https://www.carrefour.es/supermercado/vino-do-la-mancha-tinto-crianza-vina-lobon-75-cl-vina-lobon/R-855503721/p
Bebidas,Vino Lambrusco rosado Amabile dell' Emilia Collezione Amore Bautista Marti 75 cl.,"3,50 €","3,50 €/ud",https://www.carrefour.es/supermercado/kombucha-de-jengibre-y-limon-ecologico-komvida-botella-50-cl/R-fprod1310078/p
Bebidas,Coca Cola zero azúcar pack 4 botellas 20 cl.,"3,32 €","4,15 €/l",https://www.carrefour.es/supermercado/kombucha-de-jengibre-y-limon-ecologico-komvida-botella-50-cl/R-fprod1310078/p
Bebidas,Muyfina Generoso,"3,10 €","3,10 €/ud",https://www.carrefour.es/supermercado/vino-lambrusco-rosado-amabile-dell-emilia-collezione-amore-bautista-marti-75-cl-bautista-marti/R-799715332/p
Bebidas,"Red Bull bebida energética 47,3 cl.","2,33 €","4,93 €/l",https://www.carrefour.es/supermercado/vino-lambrusco-rosado-amabile-dell-emilia-collezione-amore-bautista-marti-75-cl-bautista-marti/R-799715332/p
Bebidas,Cerveza Mahou Clásica lata 33 cl.,"0,59 €","1,79 €/l",https://www.carrefour.es/supermercado/coca-cola-zero-azucar-pack-4-botellas-20-cl/R-VC4AECOMM-433514/p
Bebidas,Vino tinto de mesa Elegido botella 1 l.,"1,76 €","1,76 €/l",https://www.carrefour.es/supermercado/coca-cola-zero-azucar-pack-4-botellas-20-cl/R-VC4AECOMM-433514/p
Bebidas,Zumo de uva roja ecológico Delizum botella 1 l.,"2,75 €","2,75 €/l",https://www.carrefour.es/supermercado/manzanilla-do-sanlucar-de-barrameda-muy-fina-75-cl-muy-fina/R-520662938/p
Bebidas,Monster Ultra Red zero azúcar bebida energética lata 50 cl.,"1,49 €","2,98 €/l",https://www.carrefour.es/supermercado/manzanilla-do-sanlucar-de-barrameda-muy-fina-75-cl-muy-fina/R-520662938/p
Bebidas,Cerveza Mahou Maestra Dunkel lager oscura botella 33 cl.,"1,15 €","3,48 €/l",https://www.carrefour.es/supermercado/red-bull-bebida-energetica-47-3-cl-red-bull/R-556201511/p
Bebidas,Cerveza Shandy Cruzcampo sabor limón pack 12 botellas 33 cl.,"7,85 €","1,98 €/l",https://www.carrefour.es/supermercado/red-bull-bebida-energetica-47-3-cl-red-bull/R-556201511/p
Bebidas,Cerveza Cruzcampo Especial pack de 10 latas de 33 cl.,"1,20 €","1,85 €/l",https://www.carrefour.es/supermercado/cerveza-mahou-clasica-lata-33-cl-mahou-clasica/R-520661319/p
Bebidas,Refresco de té verde sabor menta-lima Lipton botella 1 l.,"1,49 €","1,20 €/l",https://www.carrefour.es/supermercado/cerveza-mahou-clasica-lata-33-cl-mahou-clasica/R-520661319/p
Bebidas,Monster Mango Loco bebida energética 50 cl.,"1,20 €","2,98 €/l",https://www.carrefour.es/supermercado/vino-tinto-de-mesa-elegido-botella-1-l-elegido/R-520661428/p
Bebidas,Aquarius sabor limón botella 50 cl.,"0,49 €","2,40 €/l",https://www.carrefour.es/supermercado/vino-tinto-de-mesa-elegido-botella-1-l-elegido/R-520661428/p
Bebidas,Gaseosa La Casera cero calorías lata 33 cl.,"3,10 €","1,48 €/l",https://www.carrefour.es/supermercado/zumo-de-uva-roja-ecologico-delizum-botella-1-l-delizum/R-590214039/p
Bebidas,Vino D.O. Ribera de Duero tinto roble Enrique I 75 cl.,"1,87 €","3,10 €/ud",https://www.carrefour.es/supermercado/zumo-de-uva-roja-ecologico-delizum-botella-1-l-delizum/R-590214039/p
Bebidas,Vino tinto crianza Sabasan D.O.Navarra 75 cl.,"1,15 €","1,87 €/ud",https://www.carrefour.es/supermercado/monster-ultra-red-zero-azucar-bebida-energetica-lata-50-cl-monster/R-839205016/p
Bebidas,"Tinto de verano con limón Don Simón botella 1,5 l.","0,91 €","0,77 €/l",https://www.carrefour.es/supermercado/monster-ultra-red-zero-azucar-bebida-energetica-lata-50-cl-monster/R-839205016/p
Bebidas,Vino tinto Fuenteviña botella 75 cl.,"1,30 €","1,21 €/l",https://www.carrefour.es/supermercado/cerveza-mahou-maestra-dunkel-lager-oscura-botella-33-cl-mahou/R-prod970898/p
Bebidas,Zumo tropical Carrefour pack de 6 briks de 20 cl.,"1,27 €","1,08 €/l",https://www.carrefour.es/supermercado/cerveza-mahou-maestra-dunkel-lager-oscura-botella-33-cl-mahou/R-prod970898/p
Bebidas,"Agua mineral Font Vella Levité con zumo de naranja 1,25 l.","0,98 €","1,02 €/l",https://www.carrefour.es/supermercado/cerveza-shandy-cruzcampo-sabor-limon-pack-12-botellas-33-cl-cruzcampo/R-prod1150252/p
Bebidas,7UP de lima-limón botella 33 cl.,"0,65 €","1,97 €/l",https://www.carrefour.es/supermercado/7up-de-lima-limon-botella-33-cl-7up/R-638301667/p
Bebidas,"Cerveza San Miguel 0,0 con limón pack de 6 botellas de 25 cl.","2,54 €","1,69 €/l",https://www.carrefour.es/supermercado/7up-de-lima-limon-botella-33-cl-7up/R-638301667/p
Bebidas,Cerveza Ambar Indian Pale Ale botella 33 cl.,"1,47 €","4,45 €/l",https://www.carrefour.es/supermercado/HuchaPromocion?promoId=huchaDisc420128
Bebidas,Coca Cola botella 2 l.,"1,80 €","0,90 €/l",https://www.carrefour.es/supermercado/cerveza-san-miguel-0-0-con-limon-pack-de-6-botellas-de-25-cl-san-miguel/R-prod231298/p
Bebidas,Marques De Riscal Verdejo Blanco 2019,"7,40 €","7,40 €/ud",https://www.carrefour.es/supermercado/cerveza-san-miguel-0-0-con-limon-pack-de-6-botellas-de-25-cl-san-miguel/R-prod231298/p
Bebidas,Estuche 3 Bot. Banda Azul Tinto 2017,"12,00 €","12,00 €/ud",https://www.carrefour.es/supermercado/cerveza-ambar-indian-pale-ale-botella-33-cl-ambar/R-prod740068/p
Bebidas,Ginger Schweppes botella 1 l.,"1,75 €","1,75 €/l",https://www.carrefour.es/supermercado/cerveza-ambar-indian-pale-ale-botella-33-cl-ambar/R-prod740068/p
Bebidas,Cerveza Mahou Mixta Shandy con limón pack de 6 botellas de 25 cl.,"3,04 €","2,03 €/l",https://www.carrefour.es/supermercado/coca-cola-botella-2-l-coca-cola/R-520660463/p
Bebidas,Espumoso Pink Moscato Don Luciano 75 cl.,"1,95 €","1,95 €/ud",https://www.carrefour.es/supermercado/coca-cola-botella-2-l-coca-cola/R-520660463/p
Bebidas,Habla Del Silencio Tinto 2018,"10,50 €","10,50 €/ud",https://www.carrefour.es/supermercado/vino-blanco-ecologico-marques-de-riscal-do-rueda-75-cl-marques-de-riscal/R-521011835/p
Bebidas,El Coto Blanco 2019,"3,85 €","3,85 €/ud",https://www.carrefour.es/supermercado/vino-blanco-ecologico-marques-de-riscal-do-rueda-75-cl-marques-de-riscal/R-521011835/p
Bebidas,Néctar de naranja Granini GO! pack 3 briks 200 ml.  ,"1,43 €","2,38 €/l",https://www.carrefour.es/supermercado/lote-93-estuche-con-3-botellas-de-vino-do-ca-rioja-federico-paternina-banda-azul-vendimia-seleccionada-tinto-crianza-75-cl-federico-paternina/R-prod970660/p
Bebidas,Refresco de cola Pepsi light pack de 2 botellas de 2 l.,"2,50 €","0,62 €/l",https://www.carrefour.es/supermercado/lote-93-estuche-con-3-botellas-de-vino-do-ca-rioja-federico-paternina-banda-azul-vendimia-seleccionada-tinto-crianza-75-cl-federico-paternina/R-prod970660/p
Bebidas,Zumo de piña y uva Don Simón exprimido pack de 3 briks de 20 cl.,"1,03 €","1,72 €/l",https://www.carrefour.es/supermercado/ginger-schweppes-botella-1-l-schweppes/R-589802658/p
Bebidas,Coca Cola botella 1 l.,"1,87 €","1,87 €/l",https://www.carrefour.es/supermercado/ginger-schweppes-botella-1-l-schweppes/R-589802658/p
Bebidas,Burn bebida energética lata 50 cl.,"1,02 €","2,04 €/l",https://www.carrefour.es/supermercado/HuchaPromocion?promoId=huchaDisc420139
Bebidas,"Vermut Martini blanco 1,5 l.","12,97 €","8,65 €/l",https://www.carrefour.es/supermercado/cerveza-mahou-mixta-shandy-con-limon-pack-de-6-botellas-de-25-cl-mixta-mahou/R-521014384/p
Bebidas,Kas de naranja lata de 33 cl.,"0,54 €","1,64 €/l",https://www.carrefour.es/supermercado/cerveza-mahou-mixta-shandy-con-limon-pack-de-6-botellas-de-25-cl-mixta-mahou/R-521014384/p
Bebidas,Cerveza tostada Mort Subite Kriek Lambic botella 25 cl.,"1,90 €","7,60 €/l",https://www.carrefour.es/supermercado/espumoso-pink-moscato-don-luciano-75-cl-don-luciano/R-829118126/p
Bebidas,Vino D.O. Ribera del Duero tinto Altos de Tamarón 75 cl.,"3,75 €","3,75 €/ud",https://www.carrefour.es/supermercado/espumoso-pink-moscato-don-luciano-75-cl-don-luciano/R-829118126/p
Bebidas,Ron Brugal añejo superior 70 cl.,"13,80 €","19,71 €/l",https://www.carrefour.es/supermercado/vino-de-la-tierra-de-extremadura-tinto-crianza-habla-del-silencio-75-cl-habla-del-silencio/R-595501671/p
Bebidas,Azpilicueta Tinto Crianza 2016,"8,50 €","8,50 €/ud",https://www.carrefour.es/supermercado/vino-de-la-tierra-de-extremadura-tinto-crianza-habla-del-silencio-75-cl-habla-del-silencio/R-595501671/p
Bebidas,Anna De Codorniu,"9,35 €","9,35 €/ud",https://www.carrefour.es/supermercado/vino-do-rioja-blanco-el-coto-75-cl-el-coto/R-520661493/p
Bebidas,Zumo tropical zero sin azúcar añadido Bifrutas sin gluten pack de 3 briks de 330 ml.,"1,98 €","2,00 €/l",https://www.carrefour.es/supermercado/vino-do-rioja-blanco-el-coto-75-cl-el-coto/R-520661493/p
Bebidas,Vino blanco Chardonnay Faustino Rivero V.T.Castilla75 cl.,"3,80 €","3,80 €/ud",https://www.carrefour.es/supermercado/vino-blanco-chardonnay-faustino-rivero-vtcastilla75-cl-faustino-rivero-ulecia/R-870701853/p
Bebidas,"Zumo california Sunny Delight 1,25 l.","1,65 €","1,32 €/l",https://www.carrefour.es/supermercado/vino-blanco-chardonnay-faustino-rivero-vtcastilla75-cl-faustino-rivero-ulecia/R-870701853/p
Bebidas,Cava Freixenet semiseco pack de 3 botellas de 20 cl.,"5,00 €","5,00 €/ud",https://www.carrefour.es/supermercado/zumo-california-sunny-delight-1-25-l-sunny-delight/R-715627914/p
Bebidas,Cerveza Estrella Damm mediterránea lata 33 cl.,"0,69 €","2,09 €/l",https://www.carrefour.es/supermercado/zumo-california-sunny-delight-1-25-l-sunny-delight/R-715627914/p
Bebidas,Zumo de pera y piña Juver-Disfruta sin azúcar añadido pack de 6 briks de 20 cl.,"2,39 €","1,99 €/l",https://www.carrefour.es/supermercado/cava-freixenet-semiseco-pack-de-3-botellas-de-20-cl-freixenet/R-520662223/p
Bebidas,Bebida espirituosa Felipe II 70 cl.,"1,80 €","10,36 €/l",https://www.carrefour.es/supermercado/cava-freixenet-semiseco-pack-de-3-botellas-de-20-cl-freixenet/R-520662223/p
Bebidas,Coca Cola zero botella 2 l.,"8,65 €","0,90 €/l",https://www.carrefour.es/supermercado/cerveza-estrella-damm-mediterranea-lata-33-cl-estrella-damm/R-521011911/p
Bebidas,Brandy Espléndido 1 l.,"2,09 €","8,65 €/l",https://www.carrefour.es/supermercado/cerveza-estrella-damm-mediterranea-lata-33-cl-estrella-damm/R-521011911/p
Bebidas,Zumo de melocotón y uva ecológico Carrefour Bio brik 1 l.,"4,16 €","2,09 €/l",https://www.carrefour.es/supermercado/zumo-de-pera-y-pina-juver-disfruta-sin-azucar-anadido-pack-de-6-briks-de-20-cl-juver-disfruta/R-590216247/p
Bebidas,Kombucha de frutos rojos ecológico Komvida botella 50 cl.,"12,50 €","8,32 €/l",https://www.carrefour.es/supermercado/zumo-de-pera-y-pina-juver-disfruta-sin-azucar-anadido-pack-de-6-briks-de-20-cl-juver-disfruta/R-590216247/p
Bebidas,Whisky Johnnie Walker Red Label escocés 70 cl.,"1,99 €","17,86 €/l",https://www.carrefour.es/supermercado/bebida-espirituosa-felipe-ii-70-cl-felipe-ii/R-823507463/p
Bebidas,Vino D.O. Rueda blanco verdejo Tres Reinos 75 cl.,"1,49 €","1,99 €/ud",https://www.carrefour.es/supermercado/bebida-espirituosa-felipe-ii-70-cl-felipe-ii/R-823507463/p
Bebidas,Minute Maid Limon&Nada ligero botella 1 l.,"3,39 €","1,49 €/l",https://www.carrefour.es/supermercado/coca-cola-zero-botella-2-l-coca-cola/R-520660497/p
Bebidas,Vino D.O. Rueda blanco verdejo Apoteosis 75 cl.,"3,49 €","3,39 €/ud",https://www.carrefour.es/supermercado/coca-cola-zero-botella-2-l-coca-cola/R-520660497/p
Bebidas,Zumo de naranja Carrefour botella 1 l.,"1,40 €","3,49 €/l",https://www.carrefour.es/supermercado/brandy-esplendido-1-l-esplendido/R-prod300219/p
Bebidas,Cider Ladrón de manzanas sabor frutos rojos lata 33 cl.,"1,49 €","4,24 €/l",https://www.carrefour.es/supermercado/brandy-esplendido-1-l-esplendido/R-prod300219/p
Bebidas,Monster Rehab bebida energética lata 50 cl.,"6,20 €","2,98 €/l",https://www.carrefour.es/supermercado/zumo-de-melocoton-y-uva-ecologico-carrefour-bio-brik-1-l-carrefour-bio/R-521015875/p
Bebidas,Vino tinto crianza ecológico Carrizal D.O.Ca Rioja 75 cl.,"4,88 €","6,20 €/ud",https://www.carrefour.es/supermercado/zumo-de-melocoton-y-uva-ecologico-carrefour-bio-brik-1-l-carrefour-bio/R-521015875/p
Bebidas,7UP de lima-limón pack 12 latas 33 cl.,"0,79 €","1,23 €/l",https://www.carrefour.es/supermercado/kombucha-de-frutos-rojos-ecologico-komvida-botella-50-cl/R-fprod1310079/p
Bebidas,Schweppes citrus lata 33 cl.,"4,80 €","2,39 €/l",https://www.carrefour.es/supermercado/kombucha-de-frutos-rojos-ecologico-komvida-botella-50-cl/R-fprod1310079/p
Bebidas,Vermut San Bernabé gran reserva 1 l.,"3,55 €","4,80 €/l",https://www.carrefour.es/supermercado/whisky-johnnie-walker-red-label-escoces-70-cl-johnnie-walker/R-521028333/p
Bebidas,"Pepsi Max zero cafeína pack 4 botellas 1,25 l.","0,57 €","0,71 €/l",https://www.carrefour.es/supermercado/whisky-johnnie-walker-red-label-escoces-70-cl-johnnie-walker/R-521028333/p
Bebidas,Fanta de piña sin azúcares añadidos lata 33 cl.,"11,90 €","1,73 €/l",https://www.carrefour.es/supermercado/vino-do-rueda-blanco-verdejo-tres-reinos-75-cl-tres-reinos/R-fprod1320043/p
Bebidas,Red Bull bebida energética pack de 8 latas de 25 cl.,"8,87 €","4,43 €/l",https://www.carrefour.es/supermercado/red-bull-bebida-energetica-pack-de-8-latas-de-25-cl-red-bull/R-520660777/p
Bebidas,"Néctar de cóctel de frutas Granini botella 1,5 l. ","3,32 €","2,21 €/l",https://www.carrefour.es/supermercado/red-bull-bebida-energetica-pack-de-8-latas-de-25-cl-red-bull/R-520660777/p
Bebidas,Cerveza Hoegaarden blanca de trigo botella 33 cl.,"1,35 €","4,09 €/l",https://www.carrefour.es/supermercado/nectar-de-coctel-de-frutas-granini-botella-1-5-l-granini/R-636701747/p
Bebidas,Zumo Ibiza zero sin azúcar añadido Bifrutas sin gluten pack de 3 briks de 330 ml.,"1,94 €","1,96 €/l",https://www.carrefour.es/supermercado/nectar-de-coctel-de-frutas-granini-botella-1-5-l-granini/R-636701747/p
Bebidas,"Nestea de mango-piña botella 1,5 l.","1,67 €","1,11 €/l",https://www.carrefour.es/supermercado/promocion?promoId=promof2530028
Bebidas,Beronia Tinto Crianza 2017,"6,90 €","6,90 €/ud",https://www.carrefour.es/supermercado/cerveza-hoegaarden-blanca-de-trigo-botella-33-cl-hoegaarden/R-520661245/p
Bebidas,Agua mineral Lanjarón 1 l.,"0,65 €","0,65 €/l",https://www.carrefour.es/supermercado/cerveza-hoegaarden-blanca-de-trigo-botella-33-cl-hoegaarden/R-520661245/p
Bebidas,Vino tinto Carrefour pack de 3 briks de 20 cl.,"1,06 €","1,77 €/l",https://www.carrefour.es/supermercado/zumo-ibiza-zero-sin-azucar-anadido-bifrutas-sin-gluten-pack-de-3-briks-de-330-ml-bifrutas/R-prod850183/p
Bebidas,Cava Castell del Llac artesano brut nature 75 cl.,"2,20 €","2,20 €/ud",https://www.carrefour.es/supermercado/zumo-ibiza-zero-sin-azucar-anadido-bifrutas-sin-gluten-pack-de-3-briks-de-330-ml-bifrutas/R-prod850183/p
Bebidas,Zumo de fruta y leche Don Simón Caribe pack de 6 briks de 20 cl.,"1,10 €","0,92 €/l",https://www.carrefour.es/supermercado/nestea-de-mango-pina-botella-1-5-l-nestea/R-590204439/p
Bebidas,Tónica Fever Tree Premium Indian pack de 4 botellas de,"5,33 €","6,66 €/l",https://www.carrefour.es/supermercado/nestea-de-mango-pina-botella-1-5-l-nestea/R-590204439/p
Bebidas,"Zumo de mandarina Simon Life botella 1,5 l.","1,50 €","1,00 €/l",https://www.carrefour.es/supermercado/vino-do-rioja-tinto-crianza-beronia-75-cl-beronia/R-520662393/p
Bebidas,Coca Cola zero azúcar botella 50 cl.,"1,20 €","2,40 €/l",https://www.carrefour.es/supermercado/vino-do-rioja-tinto-crianza-beronia-75-cl-beronia/R-520662393/p
Bebidas,"Vermut Zarro rojo de grifo 1,5 l.","5,50 €","3,67 €/l",https://www.carrefour.es/supermercado/agua-mineral-lanjaron-1-l-lanjaron/R-prod810371/p
Bebidas,"Zumo de uva roja, granada y grosella Carrefour Selección exprimido botella75 cl.","1,55 €","2,07 €/l",https://www.carrefour.es/supermercado/agua-mineral-lanjaron-1-l-lanjaron/R-prod810371/p
Bebidas,"Cerveza Buckler 0,0 alcohol malta lata 33 cl.","0,57 €","1,73 €/l",https://www.carrefour.es/supermercado/promocion?promoId=promof2550007
Bebidas,Refresco de limón Schweppes con gas zero botella 1 l.,"1,75 €","1,75 €/l",https://www.carrefour.es/supermercado/vino-tinto-carrefour-pack-de-3-briks-de-20-cl-carrefour/R-546003441/p
Bebidas,Zumo de naranja Zumosol sin pulpa brik 1 l.,"4,75 €","1,79 €/l",https://www.carrefour.es/supermercado/vino-tinto-carrefour-pack-de-3-briks-de-20-cl-carrefour/R-546003441/p
Bebidas,Blume Blanco 2019,"0,65 €","4,75 €/ud",https://www.carrefour.es/supermercado/cava-castell-del-llac-artesano-brut-nature-75-cl-castell-del-llac/R-520662195/p
Bebidas,Ginebra Bombay Sapphire English Estate 70 cl.,"1,20 €","31,36 €/l",https://www.carrefour.es/supermercado/cava-castell-del-llac-artesano-brut-nature-75-cl-castell-del-llac/R-520662195/p
Bebidas,Refresco de manzana Trina sin gas lata 33 cl.,"0,30 €","1,97 €/l",https://www.carrefour.es/supermercado/zumo-de-fruta-y-leche-don-simon-caribe-pack-de-6-briks-de-20-cl-don-simon/R-fprod1190590/p
Bebidas,Refresco de té verde sabor melocotón Lipton botella 1 l.,"1,90 €","1,20 €/l",https://www.carrefour.es/supermercado/zumo-de-fruta-y-leche-don-simon-caribe-pack-de-6-briks-de-20-cl-don-simon/R-fprod1190590/p
Bebidas,Tónica Nordic Mist botella 1 l.,"1,38 €","1,38 €/l",https://www.carrefour.es/supermercado/tonica-nordic-mist-botella-1-l-nordic-mist/R-700809204/p
Bebidas,Vino tinto crianza Marqués de Valido D.O. Ca. Rioja 75 cl.,"7,13 €","4,20 €/ud",https://www.carrefour.es/supermercado/tonica-nordic-mist-botella-1-l-nordic-mist/R-700809204/p
Bebidas,Cerveza Coronita pack de 10 botellas de 21 cl.,"0,38 €","3,40 €/l",https://www.carrefour.es/supermercado/HuchaPromocion?promoId=huchaDisc420078
Bebidas,Cerveza Carrefour Holandesa lata 50 cl.,"1,30 €","0,76 €/l",https://www.carrefour.es/supermercado/vino-tinto-crianza-marques-de-valido-do-ca-rioja-75-cl/R-VC4AECOMM-432554/p
Bebidas,Cerveza Erdinger Weissbier alemana de trigo botella 50 cl,"1,59 €","2,60 €/l",https://www.carrefour.es/supermercado/vino-tinto-crianza-marques-de-valido-do-ca-rioja-75-cl/R-VC4AECOMM-432554/p
Bebidas,Zumo de naranja Juver exprimido sin pulpa brik 1 l.,"1,08 €","1,59 €/l",https://www.carrefour.es/supermercado/HuchaPromocion?promoId=huchaDisc420143
Bebidas,Cerveza rubia San Miguel Manila botella 33 cl.,"0,52 €","3,27 €/l",https://www.carrefour.es/supermercado/cerveza-coronita-pack-de-10-botellas-de-21-cl-coronita/R-prod372275/p
Bebidas,"Agua mineral Teleno natural 2,5 l.","4,40 €","0,21 €/l",https://www.carrefour.es/supermercado/cerveza-coronita-pack-de-10-botellas-de-21-cl-coronita/R-prod372275/p
Bebidas,Powerade Ice Storm pack 4 botellas 50 cl.,"0,72 €","2,20 €/l",https://www.carrefour.es/supermercado/cerveza-carrefour-holandesa-lata-50-cl-carrefour/R-816214238/p
Bebidas,Cerveza Daura sin gluten lata 33 cl.,"2,32 €","2,18 €/l",https://www.carrefour.es/supermercado/cerveza-carrefour-holandesa-lata-50-cl-carrefour/R-816214238/p
Bebidas,Bebida de fruta naranja Granini sin azúcar añadido botella 1 l. ,"4,20 €","2,32 €/l",https://www.carrefour.es/supermercado/cerveza-erdinger-weissbier-alemana-de-trigo-botella-50-cl-erdinger/R-521028224/p
Bebidas,Cerveza Carrefour Radler con limón pack de 12 latas de 33 cl.,"5,95 €","1,06 €/l",https://www.carrefour.es/supermercado/cerveza-erdinger-weissbier-alemana-de-trigo-botella-50-cl-erdinger/R-521028224/p
Bebidas,Vino dulce Málaga Virgen 75 cl.,"1,10 €","5,95 €/ud",https://www.carrefour.es/supermercado/zumo-de-naranja-juver-exprimido-sin-pulpa-brik-1-l/R-VC4AECOMM-615269/p
Bebidas,Zumo tropical Don Simon pack de 6 briks de 20 cl.,"1,99 €","0,92 €/l",https://www.carrefour.es/supermercado/zumo-de-naranja-juver-exprimido-sin-pulpa-brik-1-l/R-VC4AECOMM-615269/p
Bebidas,Vermut Forteni blanco 1 l.,"3,15 €","1,99 €/l",https://www.carrefour.es/supermercado/HuchaPromocion?promoId=huchaDisc420140
Bebidas,Vino D.O. Ribera del Duero tinto roble Tres Reinos 75 cl.,"3,65 €","3,15 €/ud",https://www.carrefour.es/supermercado/cerveza-rubia-san-miguel-manila-botella-33-cl-san-miguel/R-prod700475/p
Bebidas,Estola Tinto Reserva 2016,"1,49 €","3,65 €/ud",https://www.carrefour.es/supermercado/cerveza-rubia-san-miguel-manila-botella-33-cl-san-miguel/R-prod700475/p
Bebidas,Monster Punch bebida energética lata 50 cl.,"0,71 €","2,98 €/l",https://www.carrefour.es/supermercado/agua-mineral-teleno-natural-2-5-l-teleno/R-819255922/p
Bebidas,Agua mineral con gas Perrier natural lata 25 cl.,"5,40 €","2,84 €/l",https://www.carrefour.es/supermercado/agua-mineral-teleno-natural-2-5-l-teleno/R-819255922/p
Bebidas,Freixenet Carta Nevada Cava,"0,61 €","5,40 €/ud",https://www.carrefour.es/supermercado/powerade-ice-storm-pack-4-botellas-50-cl-powerade/R-520660775/p
Bebidas,"Cerveza Amstel 0,0 sin alcohol pura malta lata 33 cl.","3,00 €","1,85 €/l",https://www.carrefour.es/supermercado/powerade-ice-storm-pack-4-botellas-50-cl-powerade/R-520660775/p
Bebidas,Zumo de naranja y zanahoria ecológico Delizum botella 1 l.,"1,32 €","3,00 €/l",https://www.carrefour.es/supermercado/cerveza-daura-sin-gluten-lata-33-cl-daura/R-816214798/p
Bebidas,7UP Free de lima-limón sin azúcar botella 2 l.,"17,24 €","0,66 €/l",https://www.carrefour.es/supermercado/cerveza-daura-sin-gluten-lata-33-cl-daura/R-816214798/p
Bebidas,Néctar de pomelo rosa Granini Selección botella 1 l.,"2,33 €","2,33 €/l",https://www.carrefour.es/supermercado/nectar-de-pomelo-rosa-granini-seleccion-botella-1-l-granini/R-520660959/p
Bebidas,Aquarius sabor naranja botella 50 cl.,"1,20 €","2,40 €/l",https://www.carrefour.es/supermercado/nectar-de-pomelo-rosa-granini-seleccion-botella-1-l-granini/R-520660959/p
Bebidas,Brandy Torres solera Reserva 5 años 70 cl.,"9,30 €","13,29 €/l",https://www.carrefour.es/supermercado/aquarius-sabor-naranja-botella-50-cl-aquarius/R-520660731/p
Bebidas,Cerveza artesana Carrefour Sensation Reserva botella 33 cl.,"0,66 €","2,00 €/l",https://www.carrefour.es/supermercado/aquarius-sabor-naranja-botella-50-cl-aquarius/R-520660731/p
Bebidas,Cerveza Franziskaner Weissbier Kristallklar botella 50 cl.,"1,39 €","2,78 €/l",https://www.carrefour.es/supermercado/brandy-torres-solera-reserva-5-anos-70-cl-torres/R-520663019/p
Bebidas,Vino D.O Rioja Antaño tinto crianza 6 botellas de 75 cl.,"4,45 €","16,00 €/ud",https://www.carrefour.es/supermercado/brandy-torres-solera-reserva-5-anos-70-cl-torres/R-520663019/p
Bebidas,Cerveza Voll Damm doble malta pack de 6 botellas de 25 cl.,"0,49 €","2,97 €/l",https://www.carrefour.es/supermercado/cerveza-artesana-carrefour-sensation-reserva-botella-33-cl/R-VC4AECOMM-573250/p
Bebidas,Tang de limón sin gas en polvo 30 g.,"1,65 €","16,33 €/kg",https://www.carrefour.es/supermercado/cerveza-artesana-carrefour-sensation-reserva-botella-33-cl/R-VC4AECOMM-573250/p
Bebidas,Cerveza Mahou Barrica Original botella 33 cl.,"2,49 €","5,00 €/l",https://www.carrefour.es/supermercado/cerveza-franziskaner-weissbier-kristallklar-botella-50-cl-franziskaner/R-521028240/p
Bebidas,Zumo de naranja Don Simón natural botella 1 l.,"0,76 €","2,49 €/l",https://www.carrefour.es/supermercado/cerveza-franziskaner-weissbier-kristallklar-botella-50-cl-franziskaner/R-521028240/p
Bebidas,Cerveza artesana Carrefour Sensation Sin Gluten botella 33 cl.,"1,65 €","2,30 €/l",https://www.carrefour.es/supermercado/vino-do-rioja-antano-tinto-crianza-6-botellas-de-75-cl-antano/R-624601964/p
Bebidas,Zumo de manzana Appletiser botella 75 cl.,"2,40 €","2,20 €/l",https://www.carrefour.es/supermercado/vino-do-rioja-antano-tinto-crianza-6-botellas-de-75-cl-antano/R-624601964/p
Bebidas,Cerveza Carrefour extra 7% pack de 6 latas de 33 cl.,"1,00 €","1,21 €/l",https://www.carrefour.es/supermercado/cerveza-voll-damm-doble-malta-pack-de-6-botellas-de-25-cl-voll-damm/R-520661162/p
Bebidas,Cerveza Daura sin gluten botella 33 cl.,"2,16 €","3,03 €/l",https://www.carrefour.es/supermercado/cerveza-voll-damm-doble-malta-pack-de-6-botellas-de-25-cl-voll-damm/R-520661162/p
Bebidas,Sprite de lima limón pack 6 latas 20 cl.,"2,20 €","1,80 €/l",https://www.carrefour.es/supermercado/tang-de-limon-sin-gas-en-polvo-30-g-tang/R-529039382/p
Bebidas,Sidra Zapiain natural 75 cl.,"10,50 €","2,93 €/l",https://www.carrefour.es/supermercado/tang-de-limon-sin-gas-en-polvo-30-g-tang/R-529039382/p
Bebidas,Luis Cañas Tinto 2016,"1,40 €","10,50 €/ud",https://www.carrefour.es/supermercado/cerveza-mahou-barrica-original-botella-33-cl-mahou/R-858900436/p
Bebidas,Cerveza Guinness Original irlandesa negra botella 33 cl.,"0,72 €","4,24 €/l",https://www.carrefour.es/supermercado/cerveza-mahou-barrica-original-botella-33-cl-mahou/R-858900436/p
Bebidas,Cerveza tostada Amstel Oro lata 33 cl.,"4,25 €","2,18 €/l",https://www.carrefour.es/supermercado/zumo-de-naranja-don-simon-natural-botella-1-l-don-simon/R-prod310101/p
Bebidas,"Vino D.O. Rioja tinto crianza Cune 37,5 cl.","33,60 €","4,25 €/ud",https://www.carrefour.es/supermercado/zumo-de-naranja-don-simon-natural-botella-1-l-don-simon/R-prod310101/p
Bebidas,Ginebra Nordés premium 1 l.,"1,65 €","33,60 €/l",https://www.carrefour.es/supermercado/cerveza-artesana-carrefour-sensation-sin-gluten-botella-33-cl/R-VC4AECOMM-573248/p
Bebidas,Tónica Schweppes con hibiscus premium botella 20 cl.,"2,54 €","8,25 €/l",https://www.carrefour.es/supermercado/cerveza-artesana-carrefour-sensation-sin-gluten-botella-33-cl/R-VC4AECOMM-573248/p
Bebidas,Zumo de pera y piña Juver-Disfruta sin azúcar añadido añadido brik 2 l.,"0,50 €","1,27 €/l",https://www.carrefour.es/supermercado/zumo-de-manzana-appletiser-botella-75-cl-appletiser/R-638301889/p
Bebidas,Agua mineral con gas Vichy Catalán natural sabor limón 50 cl.,"1,01 €","2,02 €/l",https://www.carrefour.es/supermercado/agua-mineral-con-gas-vichy-catalan-natural-sabor-limon-50-cl-vichy-catalan/R-prod760135/p
Bebidas,Yzaguirre,"11,80 €","11,80 €/l",https://www.carrefour.es/supermercado/agua-mineral-con-gas-vichy-catalan-natural-sabor-limon-50-cl-vichy-catalan/R-prod760135/p
Bebidas,Bebida energética Energy Carrefour 50 cl.,"0,50 €","1,00 €/l",https://www.carrefour.es/supermercado/vermut-yzaguirre-reserva-rojo-1-l-yzaguirre/R-538408239/p
Bebidas,Vino blanco verdejo ecológico El Hayedo D.O.Rueda 75 cl.,"3,55 €","3,55 €/ud",https://www.carrefour.es/supermercado/vermut-yzaguirre-reserva-rojo-1-l-yzaguirre/R-538408239/p
Bebidas,Carrefour Blanco 2019,"5,69 €","7,00 €/ud",https://www.carrefour.es/supermercado/bebida-energetica-energy-carrefour-50-cl/R-VC4AECOMM-443063/p
Bebidas,Licor de hierbas Puntemiño 70 cl.,"3,32 €","8,13 €/l",https://www.carrefour.es/supermercado/bebida-energetica-energy-carrefour-50-cl/R-VC4AECOMM-443063/p
Bebidas,"Bebida de frutas zanahoria y naranja Granini botella 1,5 l.","1,65 €","2,21 €/l",https://www.carrefour.es/supermercado/vino-blanco-verdejo-ecologico-el-hayedo-dorueda-75-cl/R-VC4AECOMM-491121/p
Bebidas,"Refresco de limón Trina sin gas botella 1,5 l.","10,95 €","1,10 €/l",https://www.carrefour.es/supermercado/vino-blanco-verdejo-ecologico-el-hayedo-dorueda-75-cl/R-VC4AECOMM-491121/p
Bebidas,Ron Cacique añejo superior 70 cl.,"0,88 €","15,64 €/l",https://www.carrefour.es/supermercado/vino-blanco-albarino-vinabade-do-rias-baixas-75-cl/R-VC4AECOMM-494706/p
Bebidas,Agua mineral con gas Vichy Catalán natural sabor lima-limón 33 cl.,"3,11 €","2,67 €/l",https://www.carrefour.es/supermercado/vino-blanco-albarino-vinabade-do-rias-baixas-75-cl/R-VC4AECOMM-494706/p
Bebidas,Vermut Carrefour Monte Esquinza rojo 1 l.,"1,99 €","3,11 €/l",https://www.carrefour.es/supermercado/HuchaPromocion?promoId=huchaDisc420134
Bebidas,Sidra ecológica Maeloc achampanada dulce botella 75 cl.,"1,19 €","1,99 €/ud",https://www.carrefour.es/supermercado/licor-de-hierbas-puntemino-70-cl-puntemino/R-prod620197/p
Bebidas,Cerveza Clausthaler sin alcohol botella 33 cl.,"0,35 €","3,61 €/l",https://www.carrefour.es/supermercado/licor-de-hierbas-puntemino-70-cl-puntemino/R-prod620197/p
Bebidas,Cerveza Carrefour Radler con limón lata 33 cl,"3,54 €","1,06 €/l",https://www.carrefour.es/supermercado/bebida-de-frutas-zanahoria-y-naranja-granini-botella-1-5-l-granini/R-825813594/p
Bebidas,Cerveza Estrella Damm mediterránea pack de 6 botellas de 25 cl.,"2,65 €","2,36 €/l",https://www.carrefour.es/supermercado/bebida-de-frutas-zanahoria-y-naranja-granini-botella-1-5-l-granini/R-825813594/p
Bebidas,Mistela Moscatel La Cartuja 75 cl.,"2,25 €","2,65 €/ud",https://www.carrefour.es/supermercado/promocion?promoId=promof2530028
Bebidas,Zumo de pomelo ecológico Delizum botella 1 l.,"1,59 €","2,25 €/l",https://www.carrefour.es/supermercado/refresco-de-limon-trina-sin-gas-botella-1-5-l-trina/R-520660618/p
Bebidas,Zumo de naranja Juver exprimido con pulpa brik 1 l.,"1,99 €","1,59 €/l",https://www.carrefour.es/supermercado/refresco-de-limon-trina-sin-gas-botella-1-5-l-trina/R-520660618/p
Bebidas,Vino Lambrusco rosado Amabile Bautista Marti 75 cl.,"5,35 €","1,99 €/ud",https://www.carrefour.es/supermercado/ron-cacique-anejo-superior-70-cl-cacique/R-520662983/p
Bebidas,Marques De Vizhoja Blanco 2019,"1,73 €","5,35 €/ud",https://www.carrefour.es/supermercado/ron-cacique-anejo-superior-70-cl-cacique/R-520662983/p
Bebidas,Cerveza Carrefour Shandy con limón pack de 6 botellas de 25 cl.,"17,75 €","1,15 €/l",https://www.carrefour.es/supermercado/agua-mineral-con-gas-vichy-catalan-natural-sabor-lima-limon-33-cl-vichy-catalan/R-714518198/p
Bebidas,Ron Barceló añejo 1 l.,"0,59 €","17,75 €/l",https://www.carrefour.es/supermercado/agua-mineral-con-gas-vichy-catalan-natural-sabor-lima-limon-33-cl-vichy-catalan/R-714518198/p
Bebidas,Agua mineral Aquarel 75 cl.,"1,56 €","0,79 €/l",https://www.carrefour.es/supermercado/vermut-carrefour-monte-esquinza-rojo-1-l/R-VC4AECOMM-474624/p
Bebidas,Néctar tropical Carrefour brik 1 l.,"0,68 €","0,68 €/l",https://www.carrefour.es/supermercado/nectar-tropical-carrefour-brik-1-l-carrefour/R-780686970/p
Bebidas,Anisete Marie Brizard 1 l.,"8,25 €","8,25 €/l",https://www.carrefour.es/supermercado/nectar-tropical-carrefour-brik-1-l-carrefour/R-780686970/p
Bebidas,Vino blanco de mesa Cumbre de Gredos brik 1 l.,"1,52 €","1,52 €/l",https://www.carrefour.es/supermercado/anisete-marie-brizard-1-l-marie-brizard/R-520663029/p
Bebidas,Refresco tropical Tang sin gas en polvo 30 g.,"0,49 €","16,33 €/kg",https://www.carrefour.es/supermercado/anisete-marie-brizard-1-l-marie-brizard/R-520663029/p
Bebidas,Cerveza Cruzcampo Gran Reserva malta botella 33 cl.,"1,00 €","3,03 €/l",https://www.carrefour.es/supermercado/vino-blanco-de-mesa-cumbre-de-gredos-brik-1-l-cumbre-de-gredos/R-521011886/p
Bebidas,Néctar de mango ecológico Delizum botella 1 l.,"2,25 €","2,25 €/l",https://www.carrefour.es/supermercado/vino-blanco-de-mesa-cumbre-de-gredos-brik-1-l-cumbre-de-gredos/R-521011886/p
Bebidas,LOTE 98. Estuche de 2 botellas de vino frizzante blanco verdejo Yllera 5.5 75 cl. + 1 botella frizzante rosado Yllera 5.5 Rose 75 cl.,"15,50 €","15,50 €/ud",https://www.carrefour.es/supermercado/refresco-tropical-tang-sin-gas-en-polvo-30-g-tang/R-529039386/p
Bebidas,Cerveza Carrefour Classic pack de 6 botellas de 25 cl.,"1,40 €","0,93 €/l",https://www.carrefour.es/supermercado/refresco-tropical-tang-sin-gas-en-polvo-30-g-tang/R-529039386/p
Bebidas,Bebida energética Carrefour Ginseng 50 cl.,"0,57 €","1,14 €/l",https://www.carrefour.es/supermercado/cerveza-cruzcampo-gran-reserva-malta-botella-33-cl-cruzcampo-gran-reserva/R-528412734/p
Bebidas,Licor de hierbas Ruavieja 1 l.,"11,95 €","11,95 €/l",https://www.carrefour.es/supermercado/cerveza-cruzcampo-gran-reserva-malta-botella-33-cl-cruzcampo-gran-reserva/R-528412734/p
Bebidas,Whisky Dewar's White Label escocés 1 l.,"15,99 €","15,99 €/l",https://www.carrefour.es/supermercado/nectar-de-mango-ecologico-delizum-botella-1-l-delizum/R-590207005/p
Bebidas,Tónica Schweppes con toque de lima premium botella 20 cl.,"1,65 €","8,25 €/l",https://www.carrefour.es/supermercado/nectar-de-mango-ecologico-delizum-botella-1-l-delizum/R-590207005/p
Bebidas,Manzanilla D.O. Sanlúcar de Barrameda Los Jarales 75 cl.,"2,90 €","2,90 €/ud",https://www.carrefour.es/supermercado/lote-98-estuche-de-2-botellas-de-vino-frizzante-blanco-verdejo-yllera-55-75-cl-1-botella-frizzante-rosado-yllera-55-rose-75-cl-yllera-55/R-728802766/p
Bebidas,Zumo mediterráneo zero sin azúcar añadido Bifrutas sin gluten pack de 3 briks de 330 ml.,"1,94 €","1,96 €/l",https://www.carrefour.es/supermercado/lote-98-estuche-de-2-botellas-de-vino-frizzante-blanco-verdejo-yllera-55-75-cl-1-botella-frizzante-rosado-yllera-55-rose-75-cl-yllera-55/R-728802766/p
Bebidas,Cerveza Mahou Clásica pack de 6 botellas de 25 cl.,"2,75 €","1,83 €/l",https://www.carrefour.es/supermercado/cerveza-carrefour-classic-pack-de-6-botellas-de-25-cl-carrefour/R-520661309/p
Bebidas,Kas de naranja zero botella de 2 l.,"1,20 €","0,60 €/l",https://www.carrefour.es/supermercado/cerveza-carrefour-classic-pack-de-6-botellas-de-25-cl-carrefour/R-520661309/p
Bebidas,"Vino D.O. Rioja tinto crianza Ramón Bilbao 37,5 cl.","5,25 €","5,25 €/ud",https://www.carrefour.es/supermercado/bebida-energetica-carrefour-ginseng-50-cl-carrefour/R-808607594/p
Bebidas,Fanta de limón botella 2 l.,"1,52 €","0,76 €/l",https://www.carrefour.es/supermercado/bebida-energetica-carrefour-ginseng-50-cl-carrefour/R-808607594/p
Bebidas,Jose Pariente Blanco 2019,"9,10 €","9,10 €/ud",https://www.carrefour.es/supermercado/licor-de-hierbas-ruavieja-1-l-ruavieja/R-556601508/p
Bebidas,Zumo multifrutas Carrefour pack de 6 briks de 20 cl.,"1,55 €","1,29 €/l",https://www.carrefour.es/supermercado/licor-de-hierbas-ruavieja-1-l-ruavieja/R-556601508/p
Bebidas,Viña Esmeralda Blanco 2019,"8,50 €","8,50 €/ud",https://www.carrefour.es/supermercado/whisky-dewars-white-label-escoces-1-l-dewars/R-520662621/p
Bebidas,Vino D.O Valencia blanco Amatista 75 cl.,"2,49 €","2,49 €/ud",https://www.carrefour.es/supermercado/whisky-dewars-white-label-escoces-1-l-dewars/R-520662621/p
Bebidas,Ron Yacaré añejo 70 cl.,"5,18 €","7,40 €/l",https://www.carrefour.es/supermercado/tonica-schweppes-con-toque-de-lima-premium-botella-20-cl-schweppes/R-prod250806/p
Bebidas,Refresco de limón con gas Kas 33 cl.,"0,56 €","1,70 €/l",https://www.carrefour.es/supermercado/tonica-schweppes-con-toque-de-lima-premium-botella-20-cl-schweppes/R-prod250806/p
Bebidas,"Sangría Don Simón botella 1,5 l.","1,75 €","1,17 €/l",https://www.carrefour.es/supermercado/sangria-don-simon-botella-1-5-l-don-simon/R-530014339/p
Bebidas,"Zumo de frutas del bosque Sunny Delight Blue 1,25 l.","1,65 €","1,32 €/l",https://www.carrefour.es/supermercado/sangria-don-simon-botella-1-5-l-don-simon/R-530014339/p
Bebidas,Vino blanco Marqués Dospala botella 75 cl.,"0,99 €","1,32 €/l",https://www.carrefour.es/supermercado/zumo-de-frutas-del-bosque-sunny-delight-blue-1-25-l-sunny-delight/R-prod120336/p
Bebidas,Zumo de mandarina Simon Life pack de 4 botellas de 20 cl.,"1,39 €","1,74 €/l",https://www.carrefour.es/supermercado/zumo-de-frutas-del-bosque-sunny-delight-blue-1-25-l-sunny-delight/R-prod120336/p
Bebidas,Cerveza Alhambra especial sin alcohol botella 1 l.,"1,42 €","1,42 €/l",https://www.carrefour.es/supermercado/vino-blanco-marques-dospala-botella-75-cl-marques-dospala/R-520661390/p
Bebidas,Cerveza Desperados sabor tequila lata 50 cl.,"0,70 €","3,24 €/l",https://www.carrefour.es/supermercado/vino-blanco-marques-dospala-botella-75-cl-marques-dospala/R-520661390/p
Bebidas,Agua mineral Vilas del Turbón 1 l.,"5,00 €","0,70 €/l",https://www.carrefour.es/supermercado/zumo-de-mandarina-simon-life-pack-de-4-botellas-de-20-cl-simon-life/R-638901798/p
Bebidas,Crema de whisky O'Galwan 70 cl.,"13,30 €","7,14 €/l",https://www.carrefour.es/supermercado/zumo-de-mandarina-simon-life-pack-de-4-botellas-de-20-cl-simon-life/R-638901798/p
Bebidas,Ginebra Larios 12 premium 70 cl.,"0,65 €","19,00 €/l",https://www.carrefour.es/supermercado/cerveza-alhambra-especial-sin-alcohol-botella-1-l-alhambra/R-526600820/p
Bebidas,Refresco de manzana Trina zero sin gas lata 33 cl.,"1,99 €","1,97 €/l",https://www.carrefour.es/supermercado/cerveza-alhambra-especial-sin-alcohol-botella-1-l-alhambra/R-526600820/p
Bebidas,Zumo de naranja Don Simón exprimido con pulpa botella 1 l.,"1,87 €","1,99 €/l",https://www.carrefour.es/supermercado/cerveza-desperados-sabor-tequila-lata-50-cl-desperados/R-768805712/p
Bebidas,Vino blanco verdejo Mayor de Castilla D.O. Rueda pack de 6 botellas de 75 cl.,"1,14 €","11,00 €/ud",https://www.carrefour.es/supermercado/cerveza-desperados-sabor-tequila-lata-50-cl-desperados/R-768805712/p
Bebidas,Coca Cola zero azúcar botella 1 l.,"3,99 €","1,87 €/l",https://www.carrefour.es/supermercado/HuchaPromocion?promoId=huchaDisc420085
Bebidas,Cerveza Voll Damm doble malta botella 33 cl.,"4,60 €","3,45 €/l",https://www.carrefour.es/supermercado/agua-mineral-vilas-del-turbon-1-l-vilas-del-turbon/R-699205198/p
Bebidas,Vino portugués rosado joven Mateus 75 cl.,"4,05 €","3,99 €/ud",https://www.carrefour.es/supermercado/agua-mineral-vilas-del-turbon-1-l-vilas-del-turbon/R-699205198/p
Bebidas,Cava Codorníu Benjamín seco de 20 cl.,"0,33 €","4,60 €/ud",https://www.carrefour.es/supermercado/crema-de-whisky-ogalwan-70-cl-ogalwan/R-520663098/p
Bebidas,Vino D.O. Ribera del Duero tinto Roble Altos de Tamaron caja de 6x75 cl.,"0,70 €","30,00 €/ud",https://www.carrefour.es/supermercado/crema-de-whisky-ogalwan-70-cl-ogalwan/R-520663098/p
Bebidas,Sprite de lima-limón pack 9 latas 33 cl.,"36,90 €","1,35 €/l",https://www.carrefour.es/supermercado/ginebra-larios-12-premium-70-cl-larios/R-546003965/p
Bebidas,Bebida Isotónica Carrefour sin gas sabor naranja lata 33 cl.,"1,90 €","1,00 €/l",https://www.carrefour.es/supermercado/ginebra-larios-12-premium-70-cl-larios/R-546003965/p
Bebidas,Néctar de manzana Carrefour brik 1 l.,"2,40 €","0,70 €/l",https://www.carrefour.es/supermercado/refresco-de-manzana-trina-zero-sin-gas-lata-33-cl-trina/R-prod830144/p
Bebidas,Möet Chandon Champagne,"1,68 €","36,90 €/ud",https://www.carrefour.es/supermercado/refresco-de-manzana-trina-zero-sin-gas-lata-33-cl-trina/R-prod830144/p
Bebidas,Refresco de lima-limón Sprite con gas botella 2 l.,"1,30 €","0,65 €/l",https://www.carrefour.es/supermercado/refresco-de-lima-limon-sprite-con-gas-botella-2-l-sprite/R-535601661/p
Bebidas,"Cerveza Modelo especial botella 35,5 cl.","1,32 €","3,72 €/l",https://www.carrefour.es/supermercado/refresco-de-lima-limon-sprite-con-gas-botella-2-l-sprite/R-535601661/p
Bebidas,Zumo de frutas tropicales Juver-Disfruta sin azúcar añadido brik 2 l.,"2,39 €","1,19 €/l",https://www.carrefour.es/supermercado/cerveza-modelo-especial-botella-35-5-cl-modelo/R-562701499/p
Bebidas,Refresco de naranja Schweppes con gas lata 33 cl.,"0,79 €","2,39 €/l",https://www.carrefour.es/supermercado/cerveza-modelo-especial-botella-35-5-cl-modelo/R-562701499/p
Bebidas,Néctar de pomelo Carrefour brik 1 l.,"1,18 €","1,18 €/l",https://www.carrefour.es/supermercado/zumo-de-frutas-tropicales-juver-disfruta-sin-azucar-anadido-brik-2-l-juver-disfruta/R-521034152/p
Bebidas,Anís La Castellana dulce 70 cl.,"7,65 €","10,93 €/l",https://www.carrefour.es/supermercado/zumo-de-frutas-tropicales-juver-disfruta-sin-azucar-anadido-brik-2-l-juver-disfruta/R-521034152/p
Bebidas,"Refresco de naranja sin gas botella 1,5 l.","0,79 €","0,53 €/l",https://www.carrefour.es/supermercado/refresco-de-naranja-schweppes-con-gas-lata-33-cl-schweppes/R-520660543/p
Bebidas,Crema de orujo Ruavieja 1 l.,"15,85 €","15,85 €/l",https://www.carrefour.es/supermercado/refresco-de-naranja-schweppes-con-gas-lata-33-cl-schweppes/R-520660543/p
Bebidas,Marina Alta Blanco 2019,"5,00 €","5,00 €/ud",https://www.carrefour.es/supermercado/nectar-de-pomelo-carrefour-brik-1-l-carrefour/R-526600880/p
Bebidas,Agua con gas Perrier con zumo de melocotón y cereza 250 ml.,"1,09 €","4,36 €/l",https://www.carrefour.es/supermercado/nectar-de-pomelo-carrefour-brik-1-l-carrefour/R-526600880/p
Bebidas,Agua con gas Perrier con zumo de limón y guayaba 250 ml,"1,09 €","4,36 €/l",https://www.carrefour.es/supermercado/anis-la-castellana-dulce-70-cl-anis-la-castellana/R-798962881/p
Bebidas,Anís Altorreal dulce 70 cl.,"4,09 €","5,84 €/l",https://www.carrefour.es/supermercado/anis-la-castellana-dulce-70-cl-anis-la-castellana/R-798962881/p
Bebidas,Ron Legendario 70 cl.,"14,40 €","20,57 €/l",https://www.carrefour.es/supermercado/refresco-de-naranja-sin-gas-botella-1-5-l-carrefour/R-871618455/p
Bebidas,Zumo de tomate ecológico Delizum botella 1 l.,"2,25 €","2,25 €/l",https://www.carrefour.es/supermercado/refresco-de-naranja-sin-gas-botella-1-5-l-carrefour/R-871618455/p
Bebidas,"Tinto de verano con limón sin alcohol La Casera botella 1,5 l.","2,19 €","1,46 €/l",https://www.carrefour.es/supermercado/crema-de-orujo-ruavieja-1-l-ruavieja/R-prod520323/p
Bebidas,"Fanta de naranja botella 1,25 l.","1,31 €","1,05 €/l",https://www.carrefour.es/supermercado/crema-de-orujo-ruavieja-1-l-ruavieja/R-prod520323/p
Bebidas,Bebida de fruta granada y manzana Granini Selección Mix botella 1 l. ,"2,33 €","2,33 €/l",https://www.carrefour.es/supermercado/vino-blanco-marina-alta-do-alicante-75-cl-marina-alta/R-521013559/p
Bebidas,Cardhu Gold Whisky Reserva,"27,90 €","39,86 €/l",https://www.carrefour.es/supermercado/vino-blanco-marina-alta-do-alicante-75-cl-marina-alta/R-521013559/p
Bebidas,Agua de coco ecológica Cocomi sin gluten brik 1 l.,"3,61 €","3,61 €/l",https://www.carrefour.es/supermercado/agua-con-gas-perrier-con-zumo-de-melocoton-y-cereza-250-ml/R-VC4AECOMM-485551/p
Bebidas,"Whisky Dyc 1,5 l.","15,70 €","10,47 €/l",https://www.carrefour.es/supermercado/agua-con-gas-perrier-con-zumo-de-melocoton-y-cereza-250-ml/R-VC4AECOMM-485551/p
Bebidas,Zumo de arándanos Juver-Disfruta Exótico sin azúcar brik 1 l.,"1,39 €","1,39 €/l",https://www.carrefour.es/supermercado/agua-con-gas-perrier-con-zumo-de-limon-y-guayaba-250-ml/R-VC4AECOMM-485552/p
Bebidas,"Zumo de naranja, mango y zanahoria Juver-Disfruta Exótico sin azúcar añadido botella 1 l.","1,24 €","1,24 €/l",https://www.carrefour.es/supermercado/agua-con-gas-perrier-con-zumo-de-limon-y-guayaba-250-ml/R-VC4AECOMM-485552/p
Bebidas,Agua mineral Lanjarón 50 cl.,"0,54 €","1,08 €/l",https://www.carrefour.es/supermercado/anis-altorreal-dulce-70-cl-altorreal/R-prod620196/p
Bebidas,Néctar de piña Granini botella 1 l.,"2,24 €","2,24 €/l",https://www.carrefour.es/supermercado/anis-altorreal-dulce-70-cl-altorreal/R-prod620196/p
Bebidas,Néctar de naranja Granini botella 1 l.,"2,24 €","2,24 €/l",https://www.carrefour.es/supermercado/nectar-de-naranja-granini-botella-1-l-granini/R-520660892/p
Bebidas,Néctar de plátano Granini Selección botella 1 l.   ,"2,33 €","2,33 €/l",https://www.carrefour.es/supermercado/nectar-de-naranja-granini-botella-1-l-granini/R-520660892/p
Bebidas,"Zumo de malocotón, manzana y uva Don Simón brik 1 l.","1,10 €","1,10 €/l",https://www.carrefour.es/supermercado/nectar-de-platano-granini-seleccion-botella-1-l-granini/R-521010330/p
Bebidas,Refresco de cola Pepsi Max zero botella 33 cl.,"0,68 €","2,06 €/l",https://www.carrefour.es/supermercado/nectar-de-platano-granini-seleccion-botella-1-l-granini/R-521010330/p
Bebidas,Tónica Schweppes con pimienta rosa premium botella 20 cl.,"1,65 €","8,25 €/l",https://www.carrefour.es/supermercado/zumo-de-malocoton-manzana-y-uva-don-simon-brik-1-l-don-simon/R-520660803/p
Bebidas,Gaseosa La Casera con toque de limón botella 1 l.,"1,00 €","1,00 €/l",https://www.carrefour.es/supermercado/zumo-de-malocoton-manzana-y-uva-don-simon-brik-1-l-don-simon/R-520660803/p
Bebidas,Cerveza Desperados sabor mojito lata 50 cl.,"1,90 €","3,24 €/l",https://www.carrefour.es/supermercado/refresco-de-cola-pepsi-max-zero-botella-33-cl-pepsi/R-prod250803/p
Bebidas,Cava Puigesser semiseco 75 cl.,"1,99 €","1,90 €/ud",https://www.carrefour.es/supermercado/refresco-de-cola-pepsi-max-zero-botella-33-cl-pepsi/R-prod250803/p
Bebidas,Sidra Kopparberg Premium sabor fresa y lima lata 50 cl.,"1,03 €","3,98 €/l",https://www.carrefour.es/supermercado/HuchaPromocion?promoId=huchaDisc420128
Bebidas,Zumo de naranja Don Simón exprimido pack de 3 briks de 20 cl.,"0,82 €","1,72 €/l",https://www.carrefour.es/supermercado/tonica-schweppes-con-pimienta-rosa-premium-botella-20-cl-schweppes/R-prod271522/p
Bebidas,Cerveza San Miguel Premium especial sin gluten botella 33 cl.,"0,69 €","2,48 €/l",https://www.carrefour.es/supermercado/tonica-schweppes-con-pimienta-rosa-premium-botella-20-cl-schweppes/R-prod271522/p
Bebidas,Cerveza Ambar Lager especial sin gluten lata 33 cl.,"1,95 €","2,09 €/l",https://www.carrefour.es/supermercado/gaseosa-la-casera-con-toque-de-limon-botella-1-l-la-casera/R-fprod1330032/p
Bebidas,Espumoso Blue Moscato Don Luciano 75 cl.,"14,15 €","1,95 €/ud",https://www.carrefour.es/supermercado/gaseosa-la-casera-con-toque-de-limon-botella-1-l-la-casera/R-fprod1330032/p
Bebidas,Gran Plus Ultra Cava Reserva 2016,"9,95 €","14,15 €/ud",https://www.carrefour.es/supermercado/cerveza-desperados-sabor-mojito-lata-50-cl/R-VC4AECOMM-476323/p
Bebidas,El Perro Verde Blanco 2019,"2,55 €","9,95 €/ud",https://www.carrefour.es/supermercado/cerveza-desperados-sabor-mojito-lata-50-cl/R-VC4AECOMM-476323/p
Bebidas,"Cerveza Amstel 0,0 alcohol pura malta pack 6 botellas 25 cl.","2,85 €","1,70 €/l",https://www.carrefour.es/supermercado/HuchaPromocion?promoId=huchaDisc420085
Bebidas,Zumo de tomate Granini pack 3 botellas de 20 cl.,"7,25 €","4,75 €/l",https://www.carrefour.es/supermercado/cava-puigesser-semiseco-75-cl-puigesser/R-735314099/p
Bebidas,Pacharán Anduí 1 l.,"5,69 €","7,25 €/l",https://www.carrefour.es/supermercado/cava-puigesser-semiseco-75-cl-puigesser/R-735314099/p
Bebidas,Licor de café Puntemiño 70 cl.,"1,09 €","8,13 €/l",https://www.carrefour.es/supermercado/sidra-kopparberg-premium-sabor-fresa-y-lima-lata-50-cl-kopparberg/R-762342240/p
Bebidas,Cerveza Daura Marzen Lager sin gluten botella 33 cl.,"9,65 €","3,30 €/l",https://www.carrefour.es/supermercado/sidra-kopparberg-premium-sabor-fresa-y-lima-lata-50-cl-kopparberg/R-762342240/p
Bebidas,Anís del Mono edición especial 1 l.,"16,95 €","9,65 €/l",https://www.carrefour.es/supermercado/zumo-de-naranja-don-simon-exprimido-pack-de-3-briks-de-20-cl-don-simon/R-546102632/p
Bebidas,Estuche 2 Bot. 75 Cl. + 1 Bot. 50 Cl. Coto De Imaz Tinto Reserva 2015,"0,96 €","16,95 €/ud",https://www.carrefour.es/supermercado/zumo-de-naranja-don-simon-exprimido-pack-de-3-briks-de-20-cl-don-simon/R-546102632/p
Bebidas,Cerveza Mahou 5 Estrellas especial sin gluten botella 33 cl.,"1,20 €","2,91 €/l",https://www.carrefour.es/supermercado/cerveza-san-miguel-premium-especial-sin-gluten-botella-33-cl-san-miguel/R-814634942/p
Bebidas,Marqués De Cáceres Blanco 2019,"5,35 €","5,35 €/ud",https://www.carrefour.es/supermercado/vino-blanco-verdejo-marques-de-caceres-do-rueda-75-cl-marques-de-caceres/R-799715334/p
Bebidas,Four Lines Blanco 2019,"5,50 €","5,50 €/ud",https://www.carrefour.es/supermercado/vino-blanco-verdejo-marques-de-caceres-do-rueda-75-cl-marques-de-caceres/R-799715334/p
Bebidas,Refresco de cola Pepsi botella 33 cl.,"0,67 €","2,03 €/l",https://www.carrefour.es/supermercado/vino-do-rueda-blanco-verdejo-four-lines-75-cl-four-lines/R-807571427/p
Bebidas,Espumoso Gold Moscato Don Luciano 75 cl.,"2,39 €","2,39 €/ud",https://www.carrefour.es/supermercado/vino-do-rueda-blanco-verdejo-four-lines-75-cl-four-lines/R-807571427/p
Bebidas,Zumo de piña y mango Carrefour Selección exprimido botella 75 cl.,"2,05 €","2,73 €/l",https://www.carrefour.es/supermercado/refresco-de-cola-pepsi-botella-33-cl-pepsi/R-522713429/p
Bebidas,"Pepsi botella 1,25 l.","1,06 €","0,85 €/l",https://www.carrefour.es/supermercado/refresco-de-cola-pepsi-botella-33-cl-pepsi/R-522713429/p
Bebidas,"Refresco tropical Trina sin gas botella 1,5 l.","1,65 €","1,10 €/l",https://www.carrefour.es/supermercado/HuchaPromocion?promoId=huchaDisc420128
Bebidas,Cerveza Ambar Export tostada Tres Maltas lata 33 cl.,"0,86 €","2,61 €/l",https://www.carrefour.es/supermercado/espumoso-gold-moscato-don-luciano-75-cl-don-luciano/R-828922311/p
Bebidas,Anna De Codorniu,"9,35 €","9,35 €/ud",https://www.carrefour.es/supermercado/espumoso-gold-moscato-don-luciano-75-cl-don-luciano/R-828922311/p
Bebidas,Cerveza Carrefour especial lata 50 cl.,"0,40 €","0,80 €/l",https://www.carrefour.es/supermercado/zumo-de-pina-y-mango-carrefour-seleccion-exprimido-botella-75-cl-carrefour-seleccion/R-551801863/p
Bebidas,Bombay Sapphire Ginebra,"21,95 €","31,36 €/l",https://www.carrefour.es/supermercado/zumo-de-pina-y-mango-carrefour-seleccion-exprimido-botella-75-cl-carrefour-seleccion/R-551801863/p
Bebidas,Celeste Tinto 2019,"9,40 €","9,40 €/ud",https://www.carrefour.es/supermercado/pepsi-botella-1-25-l/R-VC4AECOMM-497475/p
Bebidas,"Tinto de verano clásico sin alcohol Don Simón botella 1,5 l.","1,00 €","0,67 €/l",https://www.carrefour.es/supermercado/pepsi-botella-1-25-l/R-VC4AECOMM-497475/p
Bebidas,7UP de lima-limón pack 2 botellas 2 l.,"1,98 €","0,49 €/l",https://www.carrefour.es/supermercado/promocion?promoId=promof2530044
Bebidas,Agua mineral Solán de Cabras natural multifrutas 1 l.,"1,86 €","1,86 €/l",https://www.carrefour.es/supermercado/refresco-tropical-trina-sin-gas-botella-1-5-l-trina/R-699308978/p
Bebidas,Zumo multivitaminas Carrefour exprimido brik de 1 l.,"1,18 €","1,18 €/l",https://www.carrefour.es/supermercado/refresco-tropical-trina-sin-gas-botella-1-5-l-trina/R-699308978/p
Bebidas,Zumo de fruta y leche Carrefour Tropical sin lactosa pack de 6 briks de 20 cl.,"1,38 €","1,15 €/l",https://www.carrefour.es/supermercado/cerveza-ambar-export-tostada-tres-maltas-lata-33-cl-ambar/R-590215847/p
Bebidas,"Refresco Carrefour sabor fresa con gas botella 1,5 l.","0,90 €","0,60 €/l",https://www.carrefour.es/supermercado/cerveza-ambar-export-tostada-tres-maltas-lata-33-cl-ambar/R-590215847/p
Bebidas,Monster Green bebida energética lata 50 cl.,"1,49 €","2,98 €/l",https://www.carrefour.es/supermercado/cava-codorniu-anna-brut-75-cl-codorniu-anna/R-520662173/p
Bebidas,Vino D.O. Valdepeñas tinto Tres Reinos 75 cl.,"1,70 €","1,70 €/ud",https://www.carrefour.es/supermercado/cava-codorniu-anna-brut-75-cl-codorniu-anna/R-520662173/p
Bebidas,Agua de coco Vitacoco natural brik 1 l.,"3,79 €","3,59 €/l",https://www.carrefour.es/supermercado/cerveza-carrefour-especial-lata-50-cl-carrefour/R-858808153/p
Bebidas,"Vino D.O. Rioja tinto crianza El Coto 37,5 cl.","6,10 €","3,79 €/ud",https://www.carrefour.es/supermercado/cerveza-carrefour-especial-lata-50-cl-carrefour/R-858808153/p
Bebidas,Cerveza Ambar Lager especial pack de 9 latas de 33 cl.,"6,20 €","2,05 €/l",https://www.carrefour.es/supermercado/ginebra-bombay-sapphire-70-cl-bombay-sapphire/R-521028346/p
Bebidas,Bebida de fruta kiwi y naranja  Granini Selección Mix botella 1 l. ,"2,32 €","2,32 €/l",https://www.carrefour.es/supermercado/bebida-de-fruta-kiwi-y-naranja-granini-seleccion-mix-botella-1-l-granini/R-prod211080/p
Bebidas,Ginebra Beefeater 1 l.,"16,44 €","16,44 €/l",https://www.carrefour.es/supermercado/bebida-de-fruta-kiwi-y-naranja-granini-seleccion-mix-botella-1-l-granini/R-prod211080/p
Bebidas,Altos De Tamaron Tinto 2019,"4,55 €","4,55 €/ud",https://www.carrefour.es/supermercado/ginebra-beefeater-1-l-beefeater/R-521011782/p
Bebidas,Licor Cointreau 70 cl.,"15,55 €","22,21 €/l",https://www.carrefour.es/supermercado/ginebra-beefeater-1-l-beefeater/R-521011782/p
Bebidas,Brandy Torres Reserva Imperial 10 años,"10,67 €","15,24 €/l",https://www.carrefour.es/supermercado/vino-tinto-roble-altos-de-tamaron-do-ribera-del-duero-75-cl-altos-de-tamaron/R-564701852/p
Bebidas,Whisky Dyc 8 años 70 cl.,"10,95 €","15,64 €/l",https://www.carrefour.es/supermercado/vino-tinto-roble-altos-de-tamaron-do-ribera-del-duero-75-cl-altos-de-tamaron/R-564701852/p
Bebidas,"Zumo de granada, mora, frambuesa y uva ecológico Zumosol brik 1 l.","2,65 €","2,65 €/l",https://www.carrefour.es/supermercado/licor-cointreau-70-cl-cointreau/R-521028350/p
Bebidas,Zumo de naranja Tropicana exprimido sin pulpa botella 90 cl.,"2,55 €","2,83 €/l",https://www.carrefour.es/supermercado/licor-cointreau-70-cl-cointreau/R-521028350/p
Bebidas,Ginebra Bombay Sapphire 1 l.,"26,99 €","26,99 €/l",https://www.carrefour.es/supermercado/brandy-torres-reserva-imperial-10-anos-torres/R-520663021/p
Bebidas,"Green Cola zero azúcar botella 1,5 l.","1,25 €","0,83 €/l",https://www.carrefour.es/supermercado/brandy-torres-reserva-imperial-10-anos-torres/R-520663021/p
Bebidas,Vino D.O Rioja tinto crianza Viña Espolón 75 cl.,"6,20 €","6,20 €/ud",https://www.carrefour.es/supermercado/whisky-dyc-8-anos-70-cl-dyc/R-521011882/p
Bebidas,Refresco de cola Pepsi Max zero lata 33 cl.,"0,59 €","1,79 €/l",https://www.carrefour.es/supermercado/whisky-dyc-8-anos-70-cl-dyc/R-521011882/p
Bebidas,Whisky Tennessee Jack Daniel's 70 cl.,"20,65 €","29,50 €/l",https://www.carrefour.es/supermercado/zumo-de-granada-mora-frambuesa-y-uva-ecologico-zumosol-brik-1-l-zumosol/R-prod1100064/p
Bebidas,Zumo de piña Don Simón sin pulpa brik 1 l.,"1,62 €","1,62 €/l",https://www.carrefour.es/supermercado/zumo-de-granada-mora-frambuesa-y-uva-ecologico-zumosol-brik-1-l-zumosol/R-prod1100064/p
Bebidas,Zumo de naranja ecológico Don Simón brik 1 l.,"2,60 €","2,60 €/l",https://www.carrefour.es/supermercado/zumo-de-naranja-tropicana-exprimido-sin-pulpa-botella-90-cl-tropicana/R-fprod1180052/p
Bebidas,Cerveza Alhambra tradicional lata 50 cl.,"0,79 €","1,58 €/l",https://www.carrefour.es/supermercado/zumo-de-naranja-tropicana-exprimido-sin-pulpa-botella-90-cl-tropicana/R-fprod1180052/p
Bebidas,Cerveza artesana Carrefour Sensation Rubia sin filtrar botella 33 cl.,"0,76 €","2,30 €/l",https://www.carrefour.es/supermercado/ginebra-bombay-sapphire-1-l-bombay-sapphire/R-fprod1440110/p
Bebidas,Vino tinto de mesa Castillo del Duque botella 75 cl.,"0,95 €","1,27 €/l",https://www.carrefour.es/supermercado/ginebra-bombay-sapphire-1-l-bombay-sapphire/R-fprod1440110/p
Bebidas,Tinto de verano con limón sin alcohol La Casera lata 33 cl.,"0,79 €","2,39 €/l",https://www.carrefour.es/supermercado/green-cola-zero-azucar-botella-1-5-l-green-cola/R-prod660005/p
Bebidas,Protos Tinto Fino Tinto 2018,"10,45 €","10,45 €/ud",https://www.carrefour.es/supermercado/green-cola-zero-azucar-botella-1-5-l-green-cola/R-prod660005/p
Bebidas,Vino D.O. Mancha blanco Airén Viña Lobón 75 cl.,"1,17 €","1,17 €/ud",https://www.carrefour.es/supermercado/vino-do-rioja-tinto-crianza-vina-espolon-75-cl-vina-espolon/R-fprod1320050/p
Bebidas,Bebida de fruta piña Granini sin azúcar añadido botella 1 l.   ,"2,32 €","2,32 €/l",https://www.carrefour.es/supermercado/vino-do-rioja-tinto-crianza-vina-espolon-75-cl-vina-espolon/R-fprod1320050/p
Bebidas,Ginebra Old Thames pink 70 cl.,"4,95 €","10,71 €/l",https://www.carrefour.es/supermercado/refresco-de-cola-pepsi-max-zero-lata-33-cl-pepsi/R-520660517/p
Bebidas,Vino tinto de mesa Cumbre de Gredos brik 1 l.,"1,52 €","1,52 €/l",https://www.carrefour.es/supermercado/vino-tinto-de-mesa-cumbre-de-gredos-brik-1-l-cumbre-de-gredos/R-521011884/p
Bebidas,Vino D.O. La Mancha tinto reserva Viña Lobón 75 cl.,"1,90 €","1,90 €/ud",https://www.carrefour.es/supermercado/vino-tinto-de-mesa-cumbre-de-gredos-brik-1-l-cumbre-de-gredos/R-521011884/p
Bebidas,Anisado Anís del Mono dulce 70 cl.,"6,50 €","9,29 €/l",https://www.carrefour.es/supermercado/vino-do-la-mancha-tinto-reserva-vina-lobon-75-cl-vina-lobon/R-855503723/p
Bebidas,"Cerveza Ambar 0,0 sin alcohol lata 33 cl.","0,62 €","1,88 €/l",https://www.carrefour.es/supermercado/vino-do-la-mancha-tinto-reserva-vina-lobon-75-cl-vina-lobon/R-855503723/p
Bebidas,Cerveza Especial Cruzcampo pack de 12 botellas de 25 cl.,"6,30 €","2,10 €/l",https://www.carrefour.es/supermercado/anisado-anis-del-mono-dulce-70-cl-anis-del-mono/R-541301654/p
Bebidas,"Fanta de limón 1,25 l.","1,31 €","1,05 €/l",https://www.carrefour.es/supermercado/anisado-anis-del-mono-dulce-70-cl-anis-del-mono/R-541301654/p
Bebidas,"Agua mineral Carrefour con limón y pomelo 1,5 l.","0,85 €","0,57 €/l",https://www.carrefour.es/supermercado/cerveza-ambar-0-0-sin-alcohol-lata-33-cl-ambar/R-589802158/p
Bebidas,Ondarre Tinto 2011,"12,00 €","12,00 €/ud",https://www.carrefour.es/supermercado/cerveza-ambar-0-0-sin-alcohol-lata-33-cl-ambar/R-589802158/p
Bebidas,Cerveza Grevensteiner botella 50 cl.,"1,89 €","3,78 €/l",https://www.carrefour.es/supermercado/cerveza-especial-cruzcampo-pack-de-12-botellas-de-25-cl-cruzcampo/R-fprod1190419/p
Bebidas,Vino italiano Moscato Spumante blanco Caldirola 75 cl.,"3,80 €","3,80 €/ud",https://www.carrefour.es/supermercado/cerveza-especial-cruzcampo-pack-de-12-botellas-de-25-cl-cruzcampo/R-fprod1190419/p
Bebidas,Cava Jaume Serra brut nature reserva 75 cl.,"3,60 €","3,60 €/ud",https://www.carrefour.es/supermercado/fanta-de-limon-1-25-l-fanta/R-prod1010242/p
Bebidas,Vino blanco verdejo ecológico Green&Social D.O.Rueda 75 cl.,"4,35 €","4,35 €/ud",https://www.carrefour.es/supermercado/fanta-de-limon-1-25-l-fanta/R-prod1010242/p
Bebidas,Ron Negrita añejo 1 l.,"10,43 €","10,43 €/l",https://www.carrefour.es/supermercado/agua-mineral-carrefour-con-limon-y-pomelo-1-5-l/R-VC4AECOMM-548117/p
Bebidas,Whisky Johnnie Walker escocés 1 l.,"16,70 €","16,70 €/l",https://www.carrefour.es/supermercado/agua-mineral-carrefour-con-limon-y-pomelo-1-5-l/R-VC4AECOMM-548117/p
Bebidas,Mar De Frades Blanco 2019,"14,90 €","14,90 €/ud",https://www.carrefour.es/supermercado/vino-do-rioja-tinto-gran-reserva-ondarre-75-cl-ondarre/R-prod395482/p
Bebidas,Cune Blanco 2019,"5,50 €","5,50 €/ud",https://www.carrefour.es/supermercado/vino-do-rioja-tinto-gran-reserva-ondarre-75-cl-ondarre/R-prod395482/p
Bebidas,Cerveza tostada azul Chimay belga trapense botella 33 cl.,"2,75 €","8,33 €/l",https://www.carrefour.es/supermercado/HuchaPromocion?promoId=huchaDisc420142
Bebidas,Zumo de piña Don Simón-Disfruta brik 2 l.,"1,98 €","0,99 €/l",https://www.carrefour.es/supermercado/cerveza-grevensteiner-botella-50-cl-grevensteiner/R-819255994/p
Bebidas,Agua mineral con gas Vichy Catalán sabor naranja 50 cl.,"1,01 €","2,02 €/l",https://www.carrefour.es/supermercado/cerveza-grevensteiner-botella-50-cl-grevensteiner/R-819255994/p
Bebidas,Vodka Absolut 70 cl.,"12,40 €","17,71 €/l",https://www.carrefour.es/supermercado/vino-italiano-moscato-spumante-blanco-caldirola-75-cl-caldirola/R-589802048/p
Bebidas,"Ginebra Beefeater 1,5 l.","20,90 €","13,93 €/l",https://www.carrefour.es/supermercado/vino-italiano-moscato-spumante-blanco-caldirola-75-cl-caldirola/R-589802048/p
Bebidas,Vino D.O. Rioja rosado 3 Reinos 75 cl.,"2,15 €","2,15 €/ud",https://www.carrefour.es/supermercado/cava-jaume-serra-brut-nature-reserva-75-cl-jaume-serra/R-521009220/p
Bebidas,Refresco de cola Pepsi lata 33 cl.,"0,56 €","1,70 €/l",https://www.carrefour.es/supermercado/cava-jaume-serra-brut-nature-reserva-75-cl-jaume-serra/R-521009220/p
Bebidas,Cerveza Heineken Lager lata 33 cl.,"0,66 €","2,00 €/l",https://www.carrefour.es/supermercado/vino-blanco-verdejo-ecologico-greensocial-dorueda-75-cl/R-VC4AECOMM-485573/p
Bebidas,Cerveza Budweiser Lager botella 33 cl.,"0,80 €","2,42 €/l",https://www.carrefour.es/supermercado/cerveza-budweiser-lager-botella-33-cl-budweiser/R-520661191/p
Bebidas,"Refresco de manzana Trina sin gas botella 1,5 l.","1,65 €","1,10 €/l",https://www.carrefour.es/supermercado/cerveza-budweiser-lager-botella-33-cl-budweiser/R-520661191/p
Bebidas,Cava Codorníu-Anna brut pack de 3 botellas de 20 cl.,"7,35 €","7,35 €/ud",https://www.carrefour.es/supermercado/refresco-de-manzana-trina-sin-gas-botella-1-5-l-trina/R-698405681/p
Bebidas,Santa Teresa Ron Reserva,"15,35 €","21,93 €/l",https://www.carrefour.es/supermercado/refresco-de-manzana-trina-sin-gas-botella-1-5-l-trina/R-698405681/p
Bebidas,Vino D.O. Montilla-Moriles fino La Sultana 70 cl.,"2,65 €","2,65 €/ud",https://www.carrefour.es/supermercado/cava-codorniu-anna-brut-pack-de-3-botellas-de-20-cl-codorniu-anna/R-667401808/p
Bebidas,Refresco de piña Tang sin gas en polvo 30 g.,"0,49 €","16,33 €/kg",https://www.carrefour.es/supermercado/cava-codorniu-anna-brut-pack-de-3-botellas-de-20-cl-codorniu-anna/R-667401808/p
Bebidas,Carrefour té sabor melocotón zero 1 l.,"0,45 €","0,45 €/l",https://www.carrefour.es/supermercado/ron-santa-teresa-anejo-gran-reserva-70-cl-santa-teresa/R-522714069/p
Bebidas,Cerveza San Miguel premium 1516 botella 33 cl.,"1,00 €","3,03 €/l",https://www.carrefour.es/supermercado/ron-santa-teresa-anejo-gran-reserva-70-cl-santa-teresa/R-522714069/p
Bebidas,Refresco de cola Pepsi light pack de 9 latas de 33 cl.,"5,05 €","1,70 €/l",https://www.carrefour.es/supermercado/vino-do-montilla-moriles-fino-la-sultana-70-cl-la-sultana/R-520662948/p
Bebidas,Vino tinto gran reserva Marqués de Valido D.O.Ca Rioja 75 cl.,"0,74 €","12,00 €/ud",https://www.carrefour.es/supermercado/vino-do-montilla-moriles-fino-la-sultana-70-cl-la-sultana/R-520662948/p
Bebidas,Coca Cola plus coffee sin azucar lata 25 cl.,"3,65 €","2,96 €/l",https://www.carrefour.es/supermercado/refresco-de-pina-tang-sin-gas-en-polvo-30-g-tang/R-529039388/p
Bebidas,Vino D.O. Rioja tinto Campo Viejo 75 cl.,"2,50 €","3,65 €/ud",https://www.carrefour.es/supermercado/refresco-de-pina-tang-sin-gas-en-polvo-30-g-tang/R-529039388/p
Bebidas,Zumo de manzana Tropicana exprimido botella 90 cl.,"1,99 €","2,78 €/l",https://www.carrefour.es/supermercado/carrefour-te-sabor-melocoton-zero-1-l/R-VC4AECOMM-547114/p
Bebidas,Zumo de granada Don Simón natural botella 75 cl.,"1,86 €","2,65 €/l",https://www.carrefour.es/supermercado/carrefour-te-sabor-melocoton-zero-1-l/R-VC4AECOMM-547114/p
Bebidas,"Tinto de verano clásico La Casera botella 1,5 l.","0,95 €","1,24 €/l",https://www.carrefour.es/supermercado/cerveza-san-miguel-premium-1516-botella-33-cl-san-miguel/R-640001995/p
Bebidas,Vino blanco de mesa Castillo del Duque botella 75 cl.,"6,29 €","1,27 €/l",https://www.carrefour.es/supermercado/cerveza-san-miguel-premium-1516-botella-33-cl-san-miguel/R-640001995/p
Bebidas,Vino D.O. Rías Baixas blanco albariño Xovial 75 cl.,"0,60 €","6,29 €/ud",https://www.carrefour.es/supermercado/refresco-de-cola-pepsi-light-pack-de-9-latas-de-33-cl-pepsi/R-648200882/p
Bebidas,Refresco de cola Pepsi Max zero cafeína zero azúcar lata 33 cl.,"2,60 €","1,82 €/l",https://www.carrefour.es/supermercado/refresco-de-cola-pepsi-light-pack-de-9-latas-de-33-cl-pepsi/R-648200882/p
Bebidas,Sidra Ecológica Menendez natural 70 cl.,"15,80 €","2,60 €/ud",https://www.carrefour.es/supermercado/vino-tinto-gran-reserva-marques-de-valido-doca-rioja-75-cl-marques-de-valido/R-prod460120/p
Bebidas,Juve & Camps De La Familia Cava 2016,"12,90 €","15,80 €/ud",https://www.carrefour.es/supermercado/vino-tinto-gran-reserva-marques-de-valido-doca-rioja-75-cl-marques-de-valido/R-prod460120/p
Bebidas,Terras Gauda Blanco 2019,"7,90 €","12,90 €/ud",https://www.carrefour.es/supermercado/HuchaPromocion?promoId=huchaDisc420142
Bebidas,Marieta Blanco 2019,"2,33 €","7,90 €/ud",https://www.carrefour.es/supermercado/coca-cola-plus-coffee-sin-azucar-lata-25-cl-coca-cola/R-prod870783/p
Bebidas,Bebida de fruta naranja y mango Granini Selección Mix botella 1 l.,"2,45 €","2,33 €/l",https://www.carrefour.es/supermercado/coca-cola-plus-coffee-sin-azucar-lata-25-cl-coca-cola/R-prod870783/p
Bebidas,Zumo de piña y uva Zumosol exprimido pack de 3 briks de 20 cl.,"1,48 €","2,47 €/l",https://www.carrefour.es/supermercado/zumo-de-pina-y-uva-zumosol-exprimido-pack-de-3-briks-de-20-cl-zumosol/R-prod290219/p
Bebidas,Green Cola zero azúcar pack 6 latas 33 cl.,"3,49 €","1,76 €/l",https://www.carrefour.es/supermercado/zumo-de-pina-y-uva-zumosol-exprimido-pack-de-3-briks-de-20-cl-zumosol/R-prod290219/p
Bebidas,"Tinto de verano clásico Don Simón botella 1,5 l.","1,15 €","0,77 €/l",https://www.carrefour.es/supermercado/green-cola-zero-azucar-pack-6-latas-33-cl/R-fprod1480143/p
Bebidas,Zumo de piña Juver pack de 6 briks de 20 cl.,"2,60 €","2,17 €/l",https://www.carrefour.es/supermercado/green-cola-zero-azucar-pack-6-latas-33-cl/R-fprod1480143/p
Bebidas,Vino Sangue di Giuda tinto Bautista Marti 75 cl.,"3,75 €","3,75 €/ud",https://www.carrefour.es/supermercado/tinto-de-verano-clasico-don-simon-botella-1-5-l-don-simon/R-520661449/p
Bebidas,Vino D.O. Rioja tinto reserva Monte Haro Federico Paternina pack de 6 botellas de 75 cl.,"24,45 €","24,45 €/ud",https://www.carrefour.es/supermercado/tinto-de-verano-clasico-don-simon-botella-1-5-l-don-simon/R-520661449/p
Bebidas,Refresco de té Carrefour sabor melocotón lata 33 cl.,"0,30 €","0,91 €/l",https://www.carrefour.es/supermercado/zumo-de-pina-juver-pack-de-6-briks-de-20-cl-juver/R-prod731038/p
Bebidas,Tio Pepe Generoso,"7,75 €","7,75 €/ud",https://www.carrefour.es/supermercado/zumo-de-pina-juver-pack-de-6-briks-de-20-cl-juver/R-prod731038/p
Bebidas,Whisky J&B escocés 70 cl.,"10,00 €","14,29 €/l",https://www.carrefour.es/supermercado/vino-sangue-di-giuda-tinto-bautista-marti-75-cl-bautista-marti/R-780796873/p
Bebidas,Ron Bacardí Carta blanca 1 l.,"16,55 €","16,55 €/l",https://www.carrefour.es/supermercado/vino-sangue-di-giuda-tinto-bautista-marti-75-cl-bautista-marti/R-780796873/p
Bebidas,Zumo de melocotón Juver exprimido brik 1 l.,"1,83 €","1,83 €/l",https://www.carrefour.es/supermercado/vino-do-rioja-tinto-reserva-monte-haro-federico-paternina-pack-de-6-botellas-de-75-cl-federico-paternina/R-805525727/p
Bebidas,Cerveza Mahou 5 Estrellas especial lata 50 cl.,"0,93 €","1,86 €/l",https://www.carrefour.es/supermercado/vino-do-rioja-tinto-reserva-monte-haro-federico-paternina-pack-de-6-botellas-de-75-cl-federico-paternina/R-805525727/p
Bebidas,"Agua Solán de Cabras Repair con zumo de granada, uva y aloe vera 33 cl.","1,04 €","3,15 €/l",https://www.carrefour.es/supermercado/refresco-de-te-carrefour-sabor-melocoton-lata-33-cl-carrefour/R-814300277/p
Bebidas,Zumo de manzana ecológico Hollinger brik 1 l.,"2,60 €","2,60 €/l",https://www.carrefour.es/supermercado/refresco-de-te-carrefour-sabor-melocoton-lata-33-cl-carrefour/R-814300277/p
Bebidas,"Refresco Antarctica con gas sabor guaraná botella 1,5 l.","2,36 €","1,57 €/l",https://www.carrefour.es/supermercado/vino-do-jerez-fino-tio-pepe-75-cl-tio-pepe/R-520662930/p
Bebidas,Zumo de naranja Tropicana exprimido con pulpa botella 90 cl.,"2,55 €","2,83 €/l",https://www.carrefour.es/supermercado/vino-do-jerez-fino-tio-pepe-75-cl-tio-pepe/R-520662930/p
Bebidas,Refresco de cola Pepsi light pack de 4 botellas de 2 l.,"5,10 €","0,64 €/l",https://www.carrefour.es/supermercado/whisky-jb-escoces-70-cl-jb/R-521028327/p
Bebidas,"Cerveza Founders All Day tipo IPA 35,5 cl.","1,99 €","5,61 €/l",https://www.carrefour.es/supermercado/whisky-jb-escoces-70-cl-jb/R-521028327/p
Bebidas,Zumo de fresa y plátano Juver pack de 6 briks de 20 cl.,"1,37 €","1,14 €/l",https://www.carrefour.es/supermercado/ron-bacardi-carta-blanca-1-l-bacardi/R-520662286/p
Bebidas,"Cerveza Ambar Radler 0,0 sin alcohol con limón lata 33 cl.","0,64 €","1,94 €/l",https://www.carrefour.es/supermercado/ron-bacardi-carta-blanca-1-l-bacardi/R-520662286/p
Bebidas,Marques De Riscal Tinto Reserva 2015,"14,40 €","14,40 €/ud",https://www.carrefour.es/supermercado/zumo-de-melocoton-juver-exprimido-brik-1-l-juver/R-prod880075/p
Bebidas,Vino blanco verdejo Faustino Rivero V.T.Castilla 75 cl.,"3,80 €","3,80 €/ud",https://www.carrefour.es/supermercado/zumo-de-melocoton-juver-exprimido-brik-1-l-juver/R-prod880075/p
Bebidas,Cerveza Bock Damm Munich negra lata 33 cl.,"0,80 €","2,42 €/l",https://www.carrefour.es/supermercado/cerveza-mahou-5-estrellas-especial-lata-50-cl-mahou-5-estrellas/R-521014198/p
Bebidas,Cerveza San Miguel especial Lager pack de 6 botellas de 25 cl.,"2,79 €","1,86 €/l",https://www.carrefour.es/supermercado/cerveza-mahou-5-estrellas-especial-lata-50-cl-mahou-5-estrellas/R-521014198/p
Bebidas,Refresco de naranja Fanta con gas botella 50 cl.,"1,20 €","2,40 €/l",https://www.carrefour.es/supermercado/refresco-de-naranja-fanta-con-gas-botella-50-cl-fanta/R-520660535/p
Bebidas,Zumo de piña ecológico Valfrutta botella 1 l.,"2,25 €","2,25 €/l",https://www.carrefour.es/supermercado/refresco-de-naranja-fanta-con-gas-botella-50-cl-fanta/R-520660535/p
Bebidas,Zumo de mango y manzana Juver-Disfruta sin azucar brik 2 l.,"2,39 €","1,19 €/l",https://www.carrefour.es/supermercado/zumo-de-pina-ecologico-valfrutta-botella-1-l-valfruta/R-fprod1280631/p
Bebidas,Zumo de naranja recién exprimido Carrefour 500 ml,"2,50 €","3,10 €/l",https://www.carrefour.es/supermercado/zumo-de-pina-ecologico-valfrutta-botella-1-l-valfruta/R-fprod1280631/p
Bebidas,Cerveza rubia Amstel 100% malta pack 6 botellas 25 cl.,"2,35 €","1,67 €/l",https://www.carrefour.es/supermercado/zumo-de-mango-y-manzana-juver-disfruta-sin-azucar-brik-2-l-juver-disfruta/R-777306795/p
Bebidas,Vino tinto de mesa Vegas del Rivilla botella 2 l.,"1,69 €","1,17 €/l",https://www.carrefour.es/supermercado/zumo-de-mango-y-manzana-juver-disfruta-sin-azucar-brik-2-l-juver-disfruta/R-777306795/p
Bebidas,Mosto Juver Selección botella 85 cl.,"3,60 €","1,99 €/l",https://www.carrefour.es/supermercado/zumo-de-naranja-recien-exprimido-carrefour-500-ml-carrefour/R-prod840494/p
Bebidas,Vino blanco verdejo ecológico Viña Lobera 75 cl.,"5,50 €","3,60 €/ud",https://www.carrefour.es/supermercado/zumo-de-naranja-recien-exprimido-carrefour-500-ml-carrefour/R-prod840494/p
Bebidas,Pepsi light pack 12 latas 33 cl.,"2,65 €","1,39 €/l",https://www.carrefour.es/supermercado/cerveza-rubia-amstel-100-malta-pack-6-botellas-25-cl-amstel/R-521011813/p
Bebidas,Zumo de mango y aloe ecológico Delizum botella 1 l.,"3,65 €","2,65 €/l",https://www.carrefour.es/supermercado/cerveza-rubia-amstel-100-malta-pack-6-botellas-25-cl-amstel/R-521011813/p
Bebidas,Zumo de naranja y mango Carrefour botella 1 l.,"0,98 €","3,65 €/l",https://www.carrefour.es/supermercado/vino-tinto-de-mesa-vegas-del-rivilla-botella-2-l-vegas-del-rivilla/R-530014417/p
Bebidas,Tónica Royal Bliss lime sensation botella 20 cl.,"1,83 €","4,90 €/l",https://www.carrefour.es/supermercado/vino-tinto-de-mesa-vegas-del-rivilla-botella-2-l-vegas-del-rivilla/R-530014417/p
Bebidas,Zumo de manzana Juver exprimido brik 1 l.,"2,75 €","1,83 €/l",https://www.carrefour.es/supermercado/mosto-juver-seleccion-botella-85-cl-juver-seleccion/R-867102814/p
Bebidas,Zumo de manzana ecológico Don Simón brik 1 l.,"1,27 €","2,75 €/l",https://www.carrefour.es/supermercado/mosto-juver-seleccion-botella-85-cl-juver-seleccion/R-867102814/p
Bebidas,Cerveza Franziskaner Weissbier Naturtrüb lata 50 cl.,"1,65 €","2,54 €/l",https://www.carrefour.es/supermercado/HuchaPromocion?promoId=huchaDisc420113
Bebidas,"Zumo de fresa Sunny Delight botella 1,25 l.","1,14 €","1,32 €/l",https://www.carrefour.es/supermercado/vino-blanco-verdejo-ecologico-vina-lobera-75-cl-vina-lobera/R-prod1160989/p
Bebidas,Cerveza artesana Carrefour Sensation Blanca Trigo botella 33 cl.,"1,70 €","3,45 €/l",https://www.carrefour.es/supermercado/vino-blanco-verdejo-ecologico-vina-lobera-75-cl-vina-lobera/R-prod1160989/p
Bebidas,Licor de manzana Loch Castle sin alcohol 70 cl.,"0,65 €","2,43 €/l",https://www.carrefour.es/supermercado/pepsi-light-pack-12-latas-33-cl/R-VC4AECOMM-497199/p
Bebidas,Cerveza negra Carrefour botella 33 cl.,"2,25 €","1,97 €/l",https://www.carrefour.es/supermercado/pepsi-light-pack-12-latas-33-cl/R-VC4AECOMM-497199/p
Bebidas,Vino D.O. Penedés blanco semidulce 3 Reinos 75 cl.,"24,05 €","2,25 €/ud",https://www.carrefour.es/supermercado/zumo-de-mango-y-aloe-ecologico-delizum-botella-1-l-delizum/R-590215623/p
Bebidas,Whisky J&B escocés 15 años 70 cl.,"1,15 €","34,36 €/l",https://www.carrefour.es/supermercado/zumo-de-mango-y-aloe-ecologico-delizum-botella-1-l-delizum/R-590215623/p
Bebidas,Tónica Fever Tree Premium Indian lata 25 cl.,"3,50 €","4,60 €/l",https://www.carrefour.es/supermercado/zumo-de-naranja-y-mango-carrefour-botella-1-l-carrefour/R-827324487/p
Bebidas,Cerveza Inedit Damm malta botella 75 cl.,"1,32 €","46,67 €/l",https://www.carrefour.es/supermercado/zumo-de-naranja-y-mango-carrefour-botella-1-l-carrefour/R-827324487/p
Bebe,Toallitas bebé fres aloe vera Carrefour 80 ud.,"0,93 €","0,01 €/ud",https://www.carrefour.es/supermercado/toallitas-bebe-fres-aloe-vera-carrefour-80-ud-carrefour-baby/R-687502746/p
Bebe,Pañales Dodot activity Extra Talla 6 (+16 kg) 44 ud.,"22,45 €","0,51 €/ud",https://www.carrefour.es/supermercado/panales-dodot-activity-extra-talla-6-16-kg-44-ud-dodot/R-prod1170099/p
Bebe,Toallitas para bebé para piel atópica Carrefour Baby 63 ud.,"1,68 €","0,03 €/ud",https://www.carrefour.es/supermercado/panales-dodot-activity-extra-talla-6-16-kg-44-ud-dodot/R-prod1170099/p
Bebe,Tarrito de lenguado con crema bechamel desde 8 meses Hero Baby 235 g.,"0,99 €","4,21 €/kg",https://www.carrefour.es/supermercado/toallitas-para-bebe-para-piel-atopica-carrefour-baby-63-ud-carrefour-baby/R-590211529/p
Bebe,Tarrito de zanahorias con ternera desde 6 meses Hero Baby 235 g.,"0,99 €","4,21 €/kg",https://www.carrefour.es/supermercado/toallitas-para-bebe-para-piel-atopica-carrefour-baby-63-ud-carrefour-baby/R-590211529/p
Bebe,Champú dosificador Johnson's Baby 750 ml.,"3,85 €","0,51 €/100ml",https://www.carrefour.es/supermercado/tarrito-de-lenguado-con-crema-bechamel-desde-8-meses-hero-baby-235-g-hero-baby/R-521033526/p
Bebe,Toallitas húmedas con aloe vera Carrefour Baby 24 ud.,"0,70 €","0,03 €/ud",https://www.carrefour.es/supermercado/tarrito-de-lenguado-con-crema-bechamel-desde-8-meses-hero-baby-235-g-hero-baby/R-521033526/p
Bebe,Leche de Continuación Puleva Peques 3 con Cereales 1l,"1,45 €","1,45 €/l",https://www.carrefour.es/supermercado/tarrito-de-zanahorias-con-ternera-desde-6-meses-hero-baby-235-g-hero-baby/R-521033516/p
Bebe,Papilla infantil desde 6 meses 8 Cereales con Galleta María Nestlé 1200 g.,"6,25 €","5,21 €/kg",https://www.carrefour.es/supermercado/tarrito-de-zanahorias-con-ternera-desde-6-meses-hero-baby-235-g-hero-baby/R-521033516/p
Bebe,Pañales Dodot Activity Extra Tecnología Canal Talla 3 (7-11 kg) 60 uds,"22,45 €","0,37 €/ud",https://www.carrefour.es/supermercado/champu-dosificador-johnsons-baby-750-ml-johnsons-baby/R-prod1120668/p
Bebe,Tarrito de verduras con pollo y ternera desde 6 meses Hero Baby 235 g.,"0,99 €","4,21 €/kg",https://www.carrefour.es/supermercado/champu-dosificador-johnsons-baby-750-ml-johnsons-baby/R-prod1120668/p
Bebe,Pañales Dodot XXL Talla 3 (6-10 kg) 192 uds,"37,60 €","0,20 €/ud",https://www.carrefour.es/supermercado/toallitas-humedas-con-aloe-vera-carrefour-baby-24-ud-carrefour-baby/R-716511024/p
Bebe,Tarrito de guisantes con jamón cocido desde 6 meses Hero Baby Buenas noches pack de 2 unidades de 190 g.,"1,84 €","4,84 €/kg",https://www.carrefour.es/supermercado/toallitas-humedas-con-aloe-vera-carrefour-baby-24-ud-carrefour-baby/R-716511024/p
Bebe,Pañales Dodot sensitive Talla 1 (2-5 kg) 140 ud.,"4,15 €","0,18 €/ud",https://www.carrefour.es/supermercado/leche-de-continuacion-puleva-peques-3-con-cereales-1l-puleva/R-521028710/p
Bebe,Papilla infantil desde 6 meses 8 Cereales sin azúcares añadidos Hero Baby sin lactosa sin aceite de palma 820 gr,"1,84 €","6,89 €/kg",https://www.carrefour.es/supermercado/leche-de-continuacion-puleva-peques-3-con-cereales-1l-puleva/R-521028710/p
Bebe,"Preparado de plátano, pera y naranja ecológica Hero Solo pack 4 unidades de 100 g.","1,65 €","10,37 €/kg",https://www.carrefour.es/supermercado/papilla-infantil-desde-6-meses-8-cereales-con-galleta-maria-nestle-1200-g-nestle/R-635101923/p
Bebe,Postre lácteo natural desde 6 meses Nestlé Yogolino sin gluten sin aceite de palma pack de 8 unidades de 100 g.,"45,99 €","4,81 €/kg",https://www.carrefour.es/supermercado/papilla-infantil-desde-6-meses-8-cereales-con-galleta-maria-nestle-1200-g-nestle/R-635101923/p
Bebe,Tarrito de lentejas con verduritas desde 8 meses Hero Baby pack de 2 unidades de 190 g.,"1,84 €","4,84 €/kg",https://www.carrefour.es/supermercado/promocion?promoId=promof2550004
Bebe,Snack zanahorias y maíz desde 10 meses ecológico Hero Solo 40 g.,"6,25 €","41,25 €/kg",https://www.carrefour.es/supermercado/panales-dodot-activity-extra-tecnologia-canal-talla-3-7-11-kg-60-uds-dodot-activity-extra/R-829518869/p
Bebe,Pañales Dodot sensitive Talla 3 (6kg -10kg) 168 ud.,"3,29 €","0,27 €/ud",https://www.carrefour.es/supermercado/panales-dodot-activity-extra-tecnologia-canal-talla-3-7-11-kg-60-uds-dodot-activity-extra/R-829518869/p
Bebe,Tarrito de menestra de cordero a la crema desde 6 meses Hero Baby pack de 2 unidades de 190 g.,"1,84 €","4,84 €/kg",https://www.carrefour.es/supermercado/tarrito-de-verduras-con-pollo-y-ternera-desde-6-meses-hero-baby-235-g-hero-baby/R-521033512/p
Bebe,Leche infantil de crecimiento con galleta maría desde 24 meses Nestlé Junior sin aceite de palma brick 1 l.,"1,48 €","1,48 €/l",https://www.carrefour.es/supermercado/leche-infantil-de-crecimiento-con-galleta-maria-desde-24-meses-nestle-junior-sin-aceite-de-palma-brick-1-l-nestle-junior/R-654902650/p
Bebe,Champú Gotas de brillo Johnson's 500 ml.,"3,15 €","0,63 €/100ml",https://www.carrefour.es/supermercado/leche-infantil-de-crecimiento-con-galleta-maria-desde-24-meses-nestle-junior-sin-aceite-de-palma-brick-1-l-nestle-junior/R-654902650/p
Bebe,Ropa interior absorbente niño noche DryNites 4-7 años (17kg-30 kg.) 16 ud.,"4,09 €","0,77 €/ud",https://www.carrefour.es/supermercado/champu-gotas-de-brillo-johnsons-500-ml-johnsons-baby/R-prod1120669/p
Bebe,Postre lácteo fresa desde 8 meses Nestlé Yogolino sin gluten sin aceite de palma pack de 8 undidades de 100 g.,"2,05 €","5,11 €/kg",https://www.carrefour.es/supermercado/champu-gotas-de-brillo-johnsons-500-ml-johnsons-baby/R-prod1120669/p
Bebe,Toallitas para bebé sin perfume ecológicas Carrefour Bio 64 ud.,"2,80 €","0,03 €/ud",https://www.carrefour.es/supermercado/ropa-interior-absorbente-nino-noche-drynites-4-7-anos-17kg-30-kg-16-ud-drynites/R-521036779/p
Bebe,Gel de Baño Dove Baby Hidratación Profunda de la Cabeza a los Pies 400ml,"0,80 €","0,70 €/100ml",https://www.carrefour.es/supermercado/ropa-interior-absorbente-nino-noche-drynites-4-7-anos-17kg-30-kg-16-ud-drynites/R-521036779/p
Bebe,Pants Dodot T6 (15 + kg) 56 ud.,"2,55 €","0,36 €/ud",https://www.carrefour.es/supermercado/HuchaPromocion?promoId=huchaDisc420116
Bebe,Esponja suave bebé Carrefour 1 ud.,"6,25 €","0,80 €/ud",https://www.carrefour.es/supermercado/postre-lacteo-fresa-desde-8-meses-nestle-yogolino-sin-gluten-sin-aceite-de-palma-pack-de-8-undidades-de-100-g-nestle-yogolino/R-823705690/p
Bebe,Tarrito de verduritas con papata y salmón desde 8 meses ecológico Carrefour Baby Bio sin gluten pack de 2 unidades de 200 g.,"4,09 €","6,37 €/kg",https://www.carrefour.es/supermercado/postre-lacteo-fresa-desde-8-meses-nestle-yogolino-sin-gluten-sin-aceite-de-palma-pack-de-8-undidades-de-100-g-nestle-yogolino/R-823705690/p
Bebe,Papilla infantil desde 6 meses 8 cereales con miel Nestlé sin aceite de palma 1200 g.,"2,15 €","5,21 €/kg",https://www.carrefour.es/supermercado/promocion?promoId=promof2530036
Bebe,Postre lácteo de plátano desde 6 meses Nestlé Yogolino sin gluten sin aceite de palma pack de 8 unidades de 100 g.,"3,90 €","5,11 €/kg",https://www.carrefour.es/supermercado/toallitas-para-bebe-sin-perfume-ecologicas-carrefour-bio-64-ud-carrefour-bio/R-prod500066/p
Bebe,Postre lácteo de natillas desde 6 meses Nestlé Yogolino sin gluten sin aceite de palma pack de 4 unidades de 100 g.,"0,80 €","5,37 €/kg",https://www.carrefour.es/supermercado/toallitas-para-bebe-sin-perfume-ecologicas-carrefour-bio-64-ud-carrefour-bio/R-prod500066/p
Bebe,Preparado de plátano y fresa sin azúcar añadido Hero Mi fruta pack de 4 bolsitas de 100 g.,"5,15 €","9,75 €/kg",https://www.carrefour.es/supermercado/gel-de-bano-dove-baby-hidratacion-profunda-de-la-cabeza-a-los-pies-400ml-dove/R-prod870711/p
Bebe,Preparado de frutas mediterráneo Hero Nanos sin gluten bolsita de 100 g.,"1,71 €","8,00 €/kg",https://www.carrefour.es/supermercado/gel-de-bano-dove-baby-hidratacion-profunda-de-la-cabeza-a-los-pies-400ml-dove/R-prod870711/p
Bebe,Colonia para bebé fragancia original Nenuco 1200 ml,"5,20 €","0,43 €/100ml",https://www.carrefour.es/supermercado/pants-dodot-t6-15-kg-56-ud/R-VC4AECOMM-494147/p
Bebe,Snacks de Guisantes y Maíz Ecológicos Hero Baby Solo 50 g,"2,55 €","30,40 €/kg",https://www.carrefour.es/supermercado/pants-dodot-t6-15-kg-56-ud/R-VC4AECOMM-494147/p
Bebe,Compota de manzana y fresa Carrefour Kids pack de 4 bolsitas de 90 g.,"3,95 €","4,75 €/kg",https://www.carrefour.es/supermercado/promocion?promoId=promof2530032
Bebe,Gel de ducha ultra suave Nenuco 1125 ml,"1,64 €","0,46 €/100ml",https://www.carrefour.es/supermercado/esponja-suave-bebe-carrefour-1-ud-carrefour/R-fprod1280749/p
Bebe,Tarrito de verduritas con dorada desde 8 meses ecológico Carrefour Baby Bio sin gluten pack de 2 unidades de 200 g.,"1,20 €","6,37 €/kg",https://www.carrefour.es/supermercado/esponja-suave-bebe-carrefour-1-ud-carrefour/R-fprod1280749/p
Bebe,Toallitas para bebé Natural Care Huggies 168 toallitas,"16,20 €","0,02 €/ud",https://www.carrefour.es/supermercado/tarrito-de-verduritas-con-papata-y-salmon-desde-8-meses-ecologico-carrefour-baby-bio-sin-gluten-pack-de-2-unidades-de-200-g/R-VC4AECOMM-432800/p
Bebe,Snacks de Lentejas y Maíz Ecológicos Hero Baby Solo 50 g,"3,85 €","32,80 €/kg",https://www.carrefour.es/supermercado/tarrito-de-verduritas-con-papata-y-salmon-desde-8-meses-ecologico-carrefour-baby-bio-sin-gluten-pack-de-2-unidades-de-200-g/R-VC4AECOMM-432800/p
Bebe,Pañales Dodot Sensitive Recién Nacido Talla 2 (4-8 kg) 92 uds,"20,66 €","0,22 €/ud",https://www.carrefour.es/supermercado/panales-dodot-sensitive-recien-nacido-talla-2-4-8-kg-92-uds-dodot-sensitive/R-829518813/p
Bebe,Yogur natural sin azúcar añadido desde los 6 meses Mi primer Danone pack de 4 unidades de 100 g.,"2,65 €","6,62 €/kg",https://www.carrefour.es/supermercado/panales-dodot-sensitive-recien-nacido-talla-2-4-8-kg-92-uds-dodot-sensitive/R-829518813/p
Bebe,Papilla infantil desde 6 meses 8 Cereales con Galleta sin azúcares añadidos Hero Baby sin lactosa sin aceite de palma 820 gr,"1,00 €","6,89 €/kg",https://www.carrefour.es/supermercado/promocion?promoId=promof2550039
Bebe,"Tarrito de pera, plátano y zanahoria desde 4 meses ecológico Hero Baby Solo 120 g.","1,46 €","8,33 €/kg",https://www.carrefour.es/supermercado/yogur-natural-sin-azucar-anadido-desde-los-6-meses-mi-primer-danone-pack-de-4-unidades-de-100-g-mi-primer-danone/R-prod690054/p
Bebe,Leche de Continuación Puleva Peques 3 con Cereales y Fruta 600ml,"5,52 €","2,43 €/l",https://www.carrefour.es/supermercado/yogur-natural-sin-azucar-anadido-desde-los-6-meses-mi-primer-danone-pack-de-4-unidades-de-100-g-mi-primer-danone/R-prod690054/p
Bebe,Tarrito de pollo con verduras desde 6 meses sin sal añadida Hero Baby Buenas noches sin aceite de palma pack de 6 unidades de 190 g.,"4,15 €","4,60 €/kg",https://www.carrefour.es/supermercado/papilla-infantil-desde-6-meses-8-cereales-con-galleta-sin-azucares-anadidos-hero-baby-sin-lactosa-sin-aceite-de-palma-820-gr-hero-baby/R-prod1161117/p
Bebe,Toallitas para bebé sensitive Carrefour Baby pack de 3 paquetes de 72 ud.,"2,15 €","0,02 €/ud",https://www.carrefour.es/supermercado/papilla-infantil-desde-6-meses-8-cereales-con-galleta-sin-azucares-anadidos-hero-baby-sin-lactosa-sin-aceite-de-palma-820-gr-hero-baby/R-prod1161117/p
Bebe,Postre lácteo de pera desde 6 meses Nestlé Yogolino sin gluten sin aceite de palma pack de 4 unidades de 100 g.,"3,10 €","5,37 €/kg",https://www.carrefour.es/supermercado/promocion?promoId=promof2530037
Bebe,Jabón Líquido Dulces Sueños Johnson's 750 ml,"1,84 €","0,41 €/100ml",https://www.carrefour.es/supermercado/tarrito-de-pera-platano-y-zanahoria-desde-4-meses-ecologico-hero-baby-solo-120-g-hero-baby-solo/R-833209535/p
Bebe,Bastoncillos Johnson's Baby 200 uds,"3,15 €","0,02 €/ud",https://www.carrefour.es/supermercado/tarrito-de-pera-platano-y-zanahoria-desde-4-meses-ecologico-hero-baby-solo-120-g-hero-baby-solo/R-833209535/p
Bebe,Tarrito de verduras con pescadilla a la crema desde 8 meses Hero Baby Buenas Noches pack de 2 unidades de 190 g.,"1,28 €","4,84 €/kg",https://www.carrefour.es/supermercado/leche-de-continuacion-puleva-peques-3-con-cereales-y-fruta-600ml-puleva/R-521028716/p
Bebe,Champú no mas tirones Johnson's 500 ml.,"6,92 €","0,63 €/100ml",https://www.carrefour.es/supermercado/leche-de-continuacion-puleva-peques-3-con-cereales-y-fruta-600ml-puleva/R-521028716/p
Bebe,Tarrito de verduras con ternera y arroz en trocitos desde 10 meses Hero Baby sin aceite de palma 235 ml.,"2,09 €","5,45 €/kg",https://www.carrefour.es/supermercado/tarrito-de-pollo-con-verduras-desde-6-meses-sin-sal-anadida-hero-baby-buenas-noches-sin-aceite-de-palma-pack-de-6-unidades-de-190-g-hero-babynoches/R-614101835/p
Bebe,Pañales Carrefour Baby Ultra Dry Talla 5 (11-25 kg) 40 ud.,"0,80 €","0,17 €/ud",https://www.carrefour.es/supermercado/tarrito-de-pollo-con-verduras-desde-6-meses-sin-sal-anadida-hero-baby-buenas-noches-sin-aceite-de-palma-pack-de-6-unidades-de-190-g-hero-babynoches/R-614101835/p
Bebe,Tarrito de ternera con verduras desde 6 meses ecológico Smileat sin gluten 230 g.,"2,65 €","9,09 €/kg",https://www.carrefour.es/supermercado/toallitas-para-bebe-sensitive-carrefour-baby-pack-de-3-paquetes-de-72-ud-carrefour-baby/R-prod1170076/p
Bebe,Bolsita Fruta Manzana-Platano Hero Baby 100 gr,"5,95 €","8,00 €/kg",https://www.carrefour.es/supermercado/toallitas-para-bebe-sensitive-carrefour-baby-pack-de-3-paquetes-de-72-ud-carrefour-baby/R-prod1170076/p
Bebe,Jabón líquido suave Denenes 650 ml.,"0,58 €","0,44 €/100ml",https://www.carrefour.es/supermercado/postre-lacteo-de-pera-desde-6-meses-nestle-yogolino-sin-gluten-sin-aceite-de-palma-pack-de-4-unidades-de-100-g-nestle-yogolino/R-794746555/p
Bebe,Pañales Dodot Sensitive recién nacido Talla 1 (2-5 kg) 28 ud.,"0,99 €","0,21 €/ud",https://www.carrefour.es/supermercado/postre-lacteo-de-pera-desde-6-meses-nestle-yogolino-sin-gluten-sin-aceite-de-palma-pack-de-4-unidades-de-100-g-nestle-yogolino/R-794746555/p
Bebe,Toallitas infantil cara y manos Baby Natura 20 ud.,"2,09 €","0,03 €/ud",https://www.carrefour.es/supermercado/promocion?promoId=promof2530036
Bebe,Tarrito de zanahorias con arroz en caldo desde 4 meses Hero Baby 235 g.,"2,55 €","4,21 €/kg",https://www.carrefour.es/supermercado/jabon-liquido-dulces-suenos-johnsons-750-ml-johnsons/R-prod1070222/p
Bebe,Tarrito de verduras con lubina y merluza desde 8 meses ecológico Smileat sin gluten 230 g.,"1,82 €","9,09 €/kg",https://www.carrefour.es/supermercado/jabon-liquido-dulces-suenos-johnsons-750-ml-johnsons/R-prod1070222/p
Bebe,Tarrito de verduras con lubina desde 8 meses ecológico Carrefour Baby Bio sin gluten pack de 2 unidades de 200 g.,"3,90 €","6,37 €/kg",https://www.carrefour.es/supermercado/HuchaPromocion?promoId=huchaDisc420109
Bebe,Leche infantil de crecimiento desde 2 años con cereales Nestlé Junior sin aceite de palma brick 1 l.,"1,51 €","1,51 €/l",https://www.carrefour.es/supermercado/leche-infantil-de-crecimiento-desde-2-anos-con-cereales-nestle-junior-sin-aceite-de-palma-brick-1-l/R-VC4AECOMM-496800/p
Bebe,Pañales Dodot Sensitive T2 (4-8 kg) 234 ud.,"1,05 €","0,18 €/ud",https://www.carrefour.es/supermercado/leche-infantil-de-crecimiento-desde-2-anos-con-cereales-nestle-junior-sin-aceite-de-palma-brick-1-l/R-VC4AECOMM-496800/p
Bebe,Pants Dodot T4 (9-15 kg) 66 ud.,"2,65 €","0,30 €/ud",https://www.carrefour.es/supermercado/panales-dodot-sensitive-t2-4-8-kg-234-ud/R-VC4AECOMM-547290/p
Bebe,"Snack de maíz, guisantes y tomate desde 10 meses ecológico Hero Solo 15 g.","1,19 €","70,00 €/kg",https://www.carrefour.es/supermercado/panales-dodot-sensitive-t2-4-8-kg-234-ud/R-VC4AECOMM-547290/p
Bebe,Yogur con tres frutas sin azúcar añadido desde los 6 meses Mi primer Danone pack de 4 unidades de 100 g.,"2,09 €","6,62 €/kg",https://www.carrefour.es/supermercado/pants-dodot-t4-9-15-kg-66-ud/R-VC4AECOMM-494115/p
Bebe,Preparado de manzana y plátano Gogosqueez pack de 4 bolsitas de 90 g.,"1,68 €","5,19 €/kg",https://www.carrefour.es/supermercado/pants-dodot-t4-9-15-kg-66-ud/R-VC4AECOMM-494115/p
Bebe,Tarrito de frutas variadas desde 4 meses Hero Baby pack de 2 unidades de 120 g.,"0,99 €","4,96 €/kg",https://www.carrefour.es/supermercado/promocion?promoId=promof2530032
Bebe,Algodón bebé sensitive Carrefour Baby 100 ud.,"3,30 €","0,02 €/ud",https://www.carrefour.es/supermercado/snack-de-maiz-guisantes-y-tomate-desde-10-meses-ecologico-hero-solo-15-g/R-VC4AECOMM-509605/p
Bebe,Bolsa para Pañal Carrefour Baby 50 ud.,"1,99 €","0,03 €/ud",https://www.carrefour.es/supermercado/snack-de-maiz-guisantes-y-tomate-desde-10-meses-ecologico-hero-solo-15-g/R-VC4AECOMM-509605/p
Bebe,Tarrito de frutas variadas desde 4 meses Hero Baby 235 g.,"2,15 €","4,21 €/kg",https://www.carrefour.es/supermercado/HuchaPromocion?promoId=huchaDisc420081
Bebe,Galletas infantiles desde 8 meses de espelta y fruta ecológicas Smileat 220 g.,"2,09 €","15,00 €/kg",https://www.carrefour.es/supermercado/yogur-con-tres-frutas-sin-azucar-anadido-desde-los-6-meses-mi-primer-danone-pack-de-4-unidades-de-100-g-mi-primer-danone/R-prod690019/p
Bebe,Preparado de fresa sin azúcar añadido desde 6 meses ecológico My Carrefour Baby Bio sin gluten pack de 4 bolsitas de 100 g.,"1,41 €","4,97 €/kg",https://www.carrefour.es/supermercado/yogur-con-tres-frutas-sin-azucar-anadido-desde-los-6-meses-mi-primer-danone-pack-de-4-unidades-de-100-g-mi-primer-danone/R-prod690019/p
Bebe,Postre Lácteo con frutas variadas y queso fresco desde 8 meses Nestlé Yogolino sin gluten sin aceite de palma pack de 4 unidades de 100 g.,"45,99 €","5,37 €/kg",https://www.carrefour.es/supermercado/preparado-de-manzana-y-platano-gogosqueez-pack-de-4-bolsitas-de-90-g-gogosqueez/R-prod65057/p
Bebe,Galletas infantiles desde 12 meses Nestlé 180 g.,"1,40 €","11,61 €/kg",https://www.carrefour.es/supermercado/preparado-de-manzana-y-platano-gogosqueez-pack-de-4-bolsitas-de-90-g-gogosqueez/R-prod65057/p
Bebe,Leche de Continuación Puleva Peques 3 con Cereales y Cacao 600ml,"3,90 €","2,35 €/l",https://www.carrefour.es/supermercado/HuchaPromocion?promoId=huchaDisc420060
Bebe,Pañales Dodot Activity XXL Talla 4 (9-14 kg) 144 ud.,"5,52 €","0,32 €/ud",https://www.carrefour.es/supermercado/tarrito-de-frutas-variadas-desde-4-meses-hero-baby-pack-de-2-unidades-de-120-g-hero-baby/R-521028842/p
Bebe,Toallitas para bebé con tapa sensitive Carrefour Baby 72 ud.,"0,80 €","0,02 €/ud",https://www.carrefour.es/supermercado/tarrito-de-frutas-variadas-desde-4-meses-hero-baby-pack-de-2-unidades-de-120-g-hero-baby/R-521028842/p
Bebe,Pants Dodot T7 (17+ kg) 46 ud.,"13,84 €","0,43 €/ud",https://www.carrefour.es/supermercado/algodon-bebe-sensitive-carrefour-baby-100-ud-carrefour-baby/R-825812754/p
Bebe,"Preparado de naranja, plátano y galleta sin azúcar añadido Hero Mi fruta sin aceite de palma pack de 4 bolsitas de 100 g.","2,09 €","9,75 €/kg",https://www.carrefour.es/supermercado/algodon-bebe-sensitive-carrefour-baby-100-ud-carrefour-baby/R-825812754/p
Bebe,Tarrito de guisantes con jamón cocido desde 6 meses sin sal añadida Hero Baby Buenas noches sin aceite de palma pack de 6 unidades de 190 g.,"3,15 €","4,60 €/kg",https://www.carrefour.es/supermercado/bolsa-para-panal-carrefour-baby-50-ud-carrefour-baby/R-521010845/p
Bebe,Tarrito de lentejas con verduras y jamón en trocitos desde 10 meses Hero Baby sin aceite de palma 235 ml.,"1,27 €","5,40 €/kg",https://www.carrefour.es/supermercado/tarrito-de-lentejas-con-verduras-y-jamon-en-trocitos-desde-10-meses-hero-baby-sin-aceite-de-palma-235-ml/R-VC4AECOMM-486075/p
Bebe,Pants optima adsorption My Carrefour Baby T6 (+16 kg) 36 ud.,"11,70 €","0,32 €/ud",https://www.carrefour.es/supermercado/tarrito-de-lentejas-con-verduras-y-jamon-en-trocitos-desde-10-meses-hero-baby-sin-aceite-de-palma-235-ml/R-VC4AECOMM-486075/p
Bebe,Pañales Dodot Sensitive Extra Talla 3 (7-11 kg) 60 ud.,"22,45 €","0,37 €/ud",https://www.carrefour.es/supermercado/pants-optima-adsorption-my-carrefour-baby-t6-16-kg-36-ud/R-VC4AECOMM-523681/p
Bebe,Bastoncillos Johnson's Baby 100 Uds,"2,00 €","0,02 €/ud",https://www.carrefour.es/supermercado/pants-optima-adsorption-my-carrefour-baby-t6-16-kg-36-ud/R-VC4AECOMM-523681/p
Bebe,Pañales ultra dry Carrefour Baby T6 (+16 kg.) 27 ud.,"6,92 €","0,26 €/ud",https://www.carrefour.es/supermercado/panales-dodot-sensitive-extra-talla-3-7-11-kg-60-ud-dodot-sensitive/R-prod1000510/p
Bebe,Preparado de multifrutas sin azúcar añadido desde 12 meses ecológico My Carrefour Baby Bio sin gluten pack de 4 bolsitas de 100 g.,"1,99 €","4,97 €/kg",https://www.carrefour.es/supermercado/panales-dodot-sensitive-extra-talla-3-7-11-kg-60-ud-dodot-sensitive/R-prod1000510/p
Bebe,Tarrito de queso fresco con frutas variadas desde 6 meses Hero Baby Petit pack de 2 unidades de 80 g.,"1,73 €","10,81 €/kg",https://www.carrefour.es/supermercado/promocion?promoId=promof2550039
Bebe,Tarrito de verduritas con ternera desde 6 meses ecológico Carrefour Baby Bio pack de 2 unidades de 200 g,"2,30 €","5,75 €/kg",https://www.carrefour.es/supermercado/bastoncillos-johnsons-baby-100-uds-johnsons/R-521002554/p
Bebe,Ropa interior absorbente niño noche DryNites 8-15 años (27kg-57 kg.) 13 ud.,"2,70 €","0,95 €/ud",https://www.carrefour.es/supermercado/bastoncillos-johnsons-baby-100-uds-johnsons/R-521002554/p
Bebe,Colonia Muy Suave Denenes 600 ml,"45,99 €","0,45 €/100ml",https://www.carrefour.es/supermercado/panales-ultra-dry-carrefour-baby-t6-16-kg-27-ud-carrefour-baby/R-prod970070/p
Bebe,Pañales Dodot Activity XXL Talla 5 (11-16 kg) 126 ud.,"2,65 €","0,36 €/ud",https://www.carrefour.es/supermercado/panales-ultra-dry-carrefour-baby-t6-16-kg-27-ud-carrefour-baby/R-prod970070/p
Bebe,Papilla infantil desde 6 meses multicereal ecológica Hero Baby Solo 300 g.,"13,00 €","8,83 €/kg",https://www.carrefour.es/supermercado/preparado-de-multifrutas-sin-azucar-anadido-desde-12-meses-ecologico-my-carrefour-baby-bio-sin-gluten-pack-de-4-bolsitas-de-100-g/R-VC4AECOMM-550272/p
Bebe,Leche infantil de continuación desde los 6 meses Nidina 2 Premium sin aceite de palma 800 g.,"13,85 €","16,25 €/kg",https://www.carrefour.es/supermercado/preparado-de-multifrutas-sin-azucar-anadido-desde-12-meses-ecologico-my-carrefour-baby-bio-sin-gluten-pack-de-4-bolsitas-de-100-g/R-VC4AECOMM-550272/p
Bebe,Pañales Carrefour Baby Ultra Dry Talla 4 (7-18 kg) 92 ud.,"2,25 €","0,15 €/ud",https://www.carrefour.es/supermercado/tarrito-de-queso-fresco-con-frutas-variadas-desde-6-meses-hero-baby-petit-pack-de-2-unidades-de-80-g-hero-babypostres/R-521028876/p
Bebe,Postre lácteo suave y cremoso de plátano y melocotón desde 6 meses Nestlé Yogolino pack de 6 unidades 60 g.,"0,99 €","6,25 €/kg",https://www.carrefour.es/supermercado/tarrito-de-queso-fresco-con-frutas-variadas-desde-6-meses-hero-baby-petit-pack-de-2-unidades-de-80-g-hero-babypostres/R-521028876/p
Bebe,"Tarrito de plátano, mandarina y pera desde 4 meses Hero Baby 235 g.","1,84 €","4,21 €/kg",https://www.carrefour.es/supermercado/tarrito-de-verduritas-con-ternera-desde-6-meses-ecologico-carrefour-baby-bio-pack-de-2-unidades-de-200-g/R-VC4AECOMM-433079/p
Bebe,Tarrito de verduras a la crema desde 6 meses Hero Baby Buenas Noches pack de 2 unidades de 200 g.,"2,99 €","4,60 €/kg",https://www.carrefour.es/supermercado/tarrito-de-verduritas-con-ternera-desde-6-meses-ecologico-carrefour-baby-bio-pack-de-2-unidades-de-200-g/R-VC4AECOMM-433079/p
Bebe,Discos de lactancia ultra-absorbente Carrefour Baby 30 ud.,"2,09 €","2,99 €/ud",https://www.carrefour.es/supermercado/ropa-interior-absorbente-nino-noche-drynites-8-15-anos-27kg-57-kg-13-ud-drynites/R-521036775/p
Bebe,Galletitas Almirón Advance 180 g,"2,15 €","11,61 €/kg",https://www.carrefour.es/supermercado/ropa-interior-absorbente-nino-noche-drynites-8-15-anos-27kg-57-kg-13-ud-drynites/R-521036775/p
Bebe,Postre lácteo de fresa y plátano desde 6 meses sin azúcares añadidos Nestlé Yogolino sin gluten sin aceite de palma pack de 4 unidades de 100 g.,"2,09 €","5,37 €/kg",https://www.carrefour.es/supermercado/HuchaPromocion?promoId=huchaDisc420116
Bebe,Tarrito de pollo con arroz desde 6 meses ecológico Smileat sin gluten 230 g.,"3,29 €","9,09 €/kg",https://www.carrefour.es/supermercado/colonia-muy-suave-denenes-600-ml-denenes/R-521036842/p
Bebe,Pañales Carrefour Baby Ultra Dry Talla 3 (4-9 kg) 184 ud.,"2,30 €","0,11 €/ud",https://www.carrefour.es/supermercado/colonia-muy-suave-denenes-600-ml-denenes/R-521036842/p
Bebe,Preparado de plátano y fresa Hero bolsita de 100 g.,"0,80 €","8,00 €/kg",https://www.carrefour.es/supermercado/preparado-de-platano-y-fresa-hero-bolsita-de-100-g-hero-nanos/R-674601651/p
Bebe,Pañales Dodot Sensitive Extra Talla 4 (10-15 kg) 52 ud.,"22,45 €","0,43 €/ud",https://www.carrefour.es/supermercado/preparado-de-platano-y-fresa-hero-bolsita-de-100-g-hero-nanos/R-674601651/p
Bebe,Bragapañal noche Carrefour Kids Talla 4-7 años (17-30 Kg) 15 uds,"9,90 €","0,66 €/ud",https://www.carrefour.es/supermercado/panales-dodot-sensitive-extra-talla-4-10-15-kg-52-ud-dodot-sensitive/R-prod1000421/p
Bebe,Toallitas Dodot Activity pack de 4 paquetes de 52 ud.,"8,10 €","0,04 €/ud",https://www.carrefour.es/supermercado/panales-dodot-sensitive-extra-talla-4-10-15-kg-52-ud-dodot-sensitive/R-prod1000421/p
Bebe,"Bosita de plátano, fresa y arándanos con quinoa ecológica Organix 100 g.","1,21 €","12,10 €/kg",https://www.carrefour.es/supermercado/promocion?promoId=promof2550039
Bebe,"Tarrito de manzana, plátano y yogur desde 6 meses ecológico Hero Baby Solo 120 g.","1,00 €","8,33 €/kg",https://www.carrefour.es/supermercado/bragapanal-noche-carrefour-kids-talla-4-7-anos-17-30-kg-15-uds-carrefour/R-551303185/p
Bebe,Tarrito de frutas con copos de avena Ecologico Carrefour Baby Bio desde 6 meses pack de 2 unidades de 200 g.,"2,30 €","5,75 €/kg",https://www.carrefour.es/supermercado/bragapanal-noche-carrefour-kids-talla-4-7-anos-17-30-kg-15-uds-carrefour/R-551303185/p
Bebe,Tarrito de menestra de verdura con dorada desde 8 meses ecológico Hero Baby Solo 190 g.,"1,63 €","8,58 €/kg",https://www.carrefour.es/supermercado/toallitas-dodot-activity-pack-de-4-paquetes-de-52-ud-dodot-activity/R-682909208/p
Bebe,Ropa interior absorbente niña noche DryNites 4-7 años (17kg-30 kg.) 16 ud.,"2,09 €","0,77 €/ud",https://www.carrefour.es/supermercado/toallitas-dodot-activity-pack-de-4-paquetes-de-52-ud-dodot-activity/R-682909208/p
Bebe,Tarrito de paella con verduritas tiernas y pollo desde 6 meses Hero Baby Cocina Mediterránea pack de 2 unidades de 200 g.,"1,00 €","5,22 €/kg",https://www.carrefour.es/supermercado/bosita-de-platano-fresa-y-arandanos-con-quinoa-ecologica-organix-100-g/R-VC4AECOMM-477597/p
Bebe,"Tarrito de pera, plátano y avena desde 6 meses ecológico Hero Baby Solo 120 g.","1,20 €","8,33 €/kg",https://www.carrefour.es/supermercado/bosita-de-platano-fresa-y-arandanos-con-quinoa-ecologica-organix-100-g/R-VC4AECOMM-477597/p
Bebe,Leche infantil de crecimiento desde 1 año con cereales Nestlé Junior sin aceite de palma brick 1 l.,"3,20 €","1,20 €/l",https://www.carrefour.es/supermercado/tarrito-de-manzana-platano-y-yogur-desde-6-meses-ecologico-hero-baby-solo-120-g-hero-baby-solo/R-prod820290/p
Bebe,Jabón Baño de Burbujas Johnson's 750 ml,"1,14 €","0,43 €/100ml",https://www.carrefour.es/supermercado/tarrito-de-manzana-platano-y-yogur-desde-6-meses-ecologico-hero-baby-solo-120-g-hero-baby-solo/R-prod820290/p
Bebe,Pouch de Frutas Variadas Ecológico Smileat 100 g,"2,30 €","11,40 €/kg",https://www.carrefour.es/supermercado/tarrito-de-frutas-con-copos-de-avena-ecologico-carrefour-baby-bio-desde-6-meses-pack-de-2-unidades-de-200-g/R-VC4AECOMM-432631/p
Bebe,Tarrito de verduritas con pavo desde 6 meses ecológico Carrefour Baby Bio pack de 2 unidades de 200 g,"2,25 €","5,75 €/kg",https://www.carrefour.es/supermercado/tarrito-de-frutas-con-copos-de-avena-ecologico-carrefour-baby-bio-desde-6-meses-pack-de-2-unidades-de-200-g/R-VC4AECOMM-432631/p
Bebe,Postre lácteo suave y cremoso de fresa y frambruesa desde 8 meses Nestlé Yogolino sin gluten sin aceite de palma pack de 6 unidades de 60 g.,"1,38 €","6,25 €/kg",https://www.carrefour.es/supermercado/tarrito-de-menestra-de-verdura-con-dorada-desde-8-meses-ecologico-hero-baby-solo-190-g-hero-baby-solo/R-870200664/p
Bebe,Papilla infantil desde 6 meses 8 cereales con miel sin azúcares añadidos Hero Baby sin lactosa sin aceite de palma 820 g.,"3,59 €","6,89 €/kg",https://www.carrefour.es/supermercado/tarrito-de-menestra-de-verdura-con-dorada-desde-8-meses-ecologico-hero-baby-solo-190-g-hero-baby-solo/R-870200664/p
Bebe,Tarrito de pasta con bacalao y verduras en trocitos desde 10 meses Hero Baby sin aceite de palma 235 ml.,"1,99 €","5,87 €/kg",https://www.carrefour.es/supermercado/ropa-interior-absorbente-nina-noche-drynites-4-7-anos-17kg-30-kg-16-ud-drynites/R-521036777/p
Bebe,Papilla infantil desde 12 meses 8 Cereales con Cacao Nestlé 600 g.,"2,29 €","5,98 €/kg",https://www.carrefour.es/supermercado/ropa-interior-absorbente-nina-noche-drynites-4-7-anos-17kg-30-kg-16-ud-drynites/R-521036777/p
Bebe,Preparado de manzana y plátano sin azúcar añadido desde 6 meses ecológico My Carrefour Baby Bio sin gluten pack de 4 de bolsitas de 100 g.,"13,60 €","4,97 €/kg",https://www.carrefour.es/supermercado/HuchaPromocion?promoId=huchaDisc420116
Bebe,Toallitas para bebé Dodot Sensitive 54 ud.,"2,65 €","0,04 €/ud",https://www.carrefour.es/supermercado/tarrito-de-paella-con-verduritas-tiernas-y-pollo-desde-6-meses-hero-baby-cocina-mediterranea-pack-de-2-unidades-de-200-g-hero-baby-cocina-mediterranea/R-607402185/p
Bebe,"Yogur de manzana y fresa ecológica Hero Solo bolsita 100 g,","1,07 €","10,70 €/kg",https://www.carrefour.es/supermercado/yogur-de-manzana-y-fresa-ecologica-hero-solo-bolsita-100-g-/R-VC4AECOMM-486068/p
Bebe,Pant Dodot Activity Extra Talla 5 (12-17 kg) 40 ud.,"22,45 €","0,56 €/ud",https://www.carrefour.es/supermercado/yogur-de-manzana-y-fresa-ecologica-hero-solo-bolsita-100-g-/R-VC4AECOMM-486068/p
Bebe,Preparado de 4 frutas Nestlé sin gluten pack de 4 unidades de 90 g.,"3,05 €","8,47 €/kg",https://www.carrefour.es/supermercado/pant-dodot-activity-extra-talla-5-12-17-kg-40-ud-dodot-activity/R-prod960109/p
Bebe,Tarrito de verduras con merluza desde 4 meses ecológico Smileat sin gluten 230 g.,"2,09 €","9,09 €/kg",https://www.carrefour.es/supermercado/pant-dodot-activity-extra-talla-5-12-17-kg-40-ud-dodot-activity/R-prod960109/p
Bebe,Panecillos de cereales con plátano y calabaza ecológicos Smileat sin gluten 60 g.,"2,80 €","46,67 €/kg",https://www.carrefour.es/supermercado/HuchaPromocion?promoId=huchaDisc420105
Bebe,"Tarrito de brócoli, cordero y chirivía ecológico Smileat sin gluten 230 g.","2,10 €","9,13 €/kg",https://www.carrefour.es/supermercado/preparado-de-4-frutas-nestle-sin-gluten-pack-de-4-unidades-de-90-g-nestle/R-fprod1280129/p
Bebe,Preparado de manzana y fresa Gogosqueez pack de 4 bolsitas de 90 g.,"2,50 €","5,19 €/kg",https://www.carrefour.es/supermercado/preparado-de-4-frutas-nestle-sin-gluten-pack-de-4-unidades-de-90-g-nestle/R-fprod1280129/p
Bebe,Gel de ducha con aloe vera Carrefour Baby 750 ml,"3,50 €","0,33 €/100ml",https://www.carrefour.es/supermercado/promocion?promoId=promof2530036
Bebe,Crema corporal Dulces Sueños Johnson's 500 ml.,"5,00 €","0,70 €/100ml",https://www.carrefour.es/supermercado/tarrito-de-verduras-con-merluza-desde-4-meses-ecologico-smileat-sin-gluten-230-g-smileat/R-846800376/p
Bebe,Suero fisiológico bebé Carrefour Baby 40 ud.,"0,99 €","0,12 €/ud",https://www.carrefour.es/supermercado/tarrito-de-verduras-con-merluza-desde-4-meses-ecologico-smileat-sin-gluten-230-g-smileat/R-846800376/p
Bebe,Tarrito de selección de tres frutas desde 4 meses Hero Baby 235 g.,"2,09 €","4,21 €/kg",https://www.carrefour.es/supermercado/panecillos-de-cereales-con-platano-y-calabaza-ecologicos-smileat-sin-gluten-60-g-smileat/R-fprod1220100/p
Bebe,Toallitas Húmedas Dove Baby Hidratación Profunda,"1,22 €","0,04 €/ud",https://www.carrefour.es/supermercado/panecillos-de-cereales-con-platano-y-calabaza-ecologicos-smileat-sin-gluten-60-g-smileat/R-fprod1220100/p
Bebe,Toallitas Carrefour Baby Milky x72,"2,39 €","0,02 €/ud",https://www.carrefour.es/supermercado/tarrito-de-brocoli-cordero-y-chirivia-ecologico-smileat-sin-gluten-230-g-smileat/R-fprod1220120/p
Bebe,Postre lácteos con cereales desde 6 meses Nestlé Yogolino sin aceite de palma pack de 4 unidades de 100 g.,"2,39 €","23,90 €/kg",https://www.carrefour.es/supermercado/tarrito-de-brocoli-cordero-y-chirivia-ecologico-smileat-sin-gluten-230-g-smileat/R-fprod1220120/p
Bebe,Postre lácteo mini natural desde 6 meses sin azúcares añadidos Nestlé Yogolino sin gluten sin aceite de palma pack de 6 unidades de 60 g.,"2,09 €","6,64 €/kg",https://www.carrefour.es/supermercado/preparado-de-manzana-y-fresa-gogosqueez-pack-de-4-bolsitas-de-90-g-gogosqueez/R-844913252/p
Bebe,Tarrito de cazuela de merluza marinera desde 8 meses Cocina Mediterránea Hero Baby pack de 2 unidades de 200 g.,"2,95 €","5,22 €/kg",https://www.carrefour.es/supermercado/preparado-de-manzana-y-fresa-gogosqueez-pack-de-4-bolsitas-de-90-g-gogosqueez/R-844913252/p
Bebe,Champú suave para piel sensible con caléndula Baby Corine de Farme 750 ml.,"3,80 €","0,39 €/100ml",https://www.carrefour.es/supermercado/HuchaPromocion?promoId=huchaDisc420060
Bebe,Champú dulces sueños Johnson's Baby 500 ml.,"3,59 €","0,76 €/100ml",https://www.carrefour.es/supermercado/gel-de-ducha-con-aloe-vera-carrefour-baby-750-ml/R-VC4AECOMM-448795/p
Bebe,Champú extra Suave Nenuco 500 ml,"3,15 €","0,72 €/100ml",https://www.carrefour.es/supermercado/gel-de-ducha-con-aloe-vera-carrefour-baby-750-ml/R-VC4AECOMM-448795/p
Bebe,Acondicionador spray no mas tirones Johnson's 200 ml.,"3,45 €","1,57 €/100ml",https://www.carrefour.es/supermercado/crema-corporal-dulces-suenos-johnsons-500-ml-johnsons/R-prod1070217/p
Bebe,Aceite aloe vera Johnson's 500 ml.,"8,34 €","0,69 €/100ml",https://www.carrefour.es/supermercado/crema-corporal-dulces-suenos-johnsons-500-ml-johnsons/R-prod1070217/p
Bebe,Pañales Carrefour Baby soft&protect Talla 2 (3-6 kg) 60 ud.,"2,15 €","0,14 €/ud",https://www.carrefour.es/supermercado/suero-fisiologico-bebe-carrefour-baby-40-ud-carrefour-baby/R-618405044/p
Bebe,Postre lácteo natural desde 6 meses Nestlé Yogolino sin gluten sin aceite de palma pack de 4 unidades de 100 g.,"0,80 €","5,37 €/kg",https://www.carrefour.es/supermercado/suero-fisiologico-bebe-carrefour-baby-40-ud-carrefour-baby/R-618405044/p
Bebe,Pañales ecológicos Carrefour Baby Talla 4 maxi (7-18 Kg) 28 ud.,"7,10 €","0,25 €/ud",https://www.carrefour.es/supermercado/panales-ecologicos-carrefour-baby-talla-4-maxi-7-18-kg-28-ud-carrefour-baby/R-prod1040220/p
Bebe,Tarrito de arroz con pollo y verduritas desde 6 meses ecológico Carrefour Baby Bio pack de 2 unidades de 200 g,"2,30 €","5,75 €/kg",https://www.carrefour.es/supermercado/panales-ecologicos-carrefour-baby-talla-4-maxi-7-18-kg-28-ud-carrefour-baby/R-prod1040220/p
Bebe,Protector Absorbente Sabanindas Extra 60x60cm 20 ud.,"8,65 €","0,43 €/ud",https://www.carrefour.es/supermercado/tarrito-de-arroz-con-pollo-y-verduritas-desde-6-meses-ecologico-carrefour-baby-bio-pack-de-2-unidades-de-200-g/R-VC4AECOMM-432819/p
Bebe,Tarrito de espagueti boloñesa desde 8 meses ecológico Carrefour Baby Bio pack de 2 unidades de 200 g,"2,30 €","5,75 €/kg",https://www.carrefour.es/supermercado/tarrito-de-arroz-con-pollo-y-verduritas-desde-6-meses-ecologico-carrefour-baby-bio-pack-de-2-unidades-de-200-g/R-VC4AECOMM-432819/p
Bebe,Preparado de manzana y melocotón Gogosqueez pack de 4 bolsitas de 90 g.,"3,05 €","5,19 €/kg",https://www.carrefour.es/supermercado/protector-absorbente-sabanindas-extra-60x60cm-20-ud-sabanindas/R-590507742/p
Bebe,Toallitas para bebé con tapa aqua pure Dodot 48 ud.,"2,15 €","0,06 €/ud",https://www.carrefour.es/supermercado/protector-absorbente-sabanindas-extra-60x60cm-20-ud-sabanindas/R-590507742/p
Bebe,Postre lácteo de melocotón y plátano desde 6 meses sin azúcares añadidos Nestlé Yogolino sin gluten sin aceite de palma pack de 4 unidades de 100 g.,"1,14 €","5,37 €/kg",https://www.carrefour.es/supermercado/tarrito-de-espagueti-bolonesa-desde-8-meses-ecologico-carrefour-baby-bio-pack-de-2-unidades-de-200-g/R-VC4AECOMM-432840/p
Bebe,Pouch de Fresa y Platano Ecológico Smileat 100 g,"2,60 €","11,40 €/kg",https://www.carrefour.es/supermercado/tarrito-de-espagueti-bolonesa-desde-8-meses-ecologico-carrefour-baby-bio-pack-de-2-unidades-de-200-g/R-VC4AECOMM-432840/p
Bebe,Compresa tocológica de celulosa grande Maternity 25 ud.,"12,50 €","0,10 €/ud",https://www.carrefour.es/supermercado/preparado-de-manzana-y-melocoton-gogosqueez-pack-de-4-bolsitas-de-90-g-gogosqueez/R-844913248/p
Bebe,Pomada para proteger la zona del pañal Mitosyl 145 g.,"6,86 €","8,62 €/100g",https://www.carrefour.es/supermercado/preparado-de-manzana-y-melocoton-gogosqueez-pack-de-4-bolsitas-de-90-g-gogosqueez/R-844913248/p
Bebe,Pañales Carrefour Baby Ultra Dry Talla 4 (8-16 kg) 45 ud.,"1,00 €","0,15 €/ud",https://www.carrefour.es/supermercado/HuchaPromocion?promoId=huchaDisc420060
Bebe,Tarrito de plátano desde 4 meses ecológico Hero Baby Solo 120 g.,"4,15 €","8,33 €/kg",https://www.carrefour.es/supermercado/toallitas-para-bebe-con-tapa-aqua-pure-dodot-48-ud-dodot/R-prod1120152/p
Bebe,Pañales Carrefour Baby Soft&Protect Talla 1 (2-5 kg) 26 ud.,"11,45 €","0,16 €/ud",https://www.carrefour.es/supermercado/toallitas-para-bebe-con-tapa-aqua-pure-dodot-48-ud-dodot/R-prod1120152/p
Bebe,Papilla infantil desde 6 meses 8 cereales sin azúcar añadido Nestlé sin aceite de palma 2400 g.,"0,95 €","4,77 €/kg",https://www.carrefour.es/supermercado/postre-lacteo-de-melocoton-y-platano-desde-6-meses-sin-azucares-anadidos-nestle-yogolino-sin-gluten-sin-aceite-de-palma-pack-de-4-unidades-de-100-g-nestle/R-fprod1180164/p
Bebe,Tarrito de frutas variadas desde 4 meses sin azúcar añadido Hero Baby pack de 2 unidades de 130 g.,"10,95 €","3,65 €/kg",https://www.carrefour.es/supermercado/postre-lacteo-de-melocoton-y-platano-desde-6-meses-sin-azucares-anadidos-nestle-yogolino-sin-gluten-sin-aceite-de-palma-pack-de-4-unidades-de-100-g-nestle/R-fprod1180164/p
Bebe,Gel de baño espumoso Mustela 750 ml.,"2,50 €","1,46 €/100ml",https://www.carrefour.es/supermercado/promocion?promoId=promof2530036
Bebe,Galletas infantiles desde 6-10 meses Nestlé 180 g.,"0,80 €","13,89 €/kg",https://www.carrefour.es/supermercado/pouch-de-fresa-y-platano-ecologico-smileat-100-g-smileat/R-prod395444/p
Bebe,"Preparado de naranja, plátano y galleta Hero bolsita de 100 g.","2,30 €","8,00 €/kg",https://www.carrefour.es/supermercado/pouch-de-fresa-y-platano-ecologico-smileat-100-g-smileat/R-prod395444/p
Bebe,Tarrito de espaguetis con carne y verduras desde 12 meses Hero Nanos pack de 2 unidades de 250 g.,"3,30 €","4,60 €/kg",https://www.carrefour.es/supermercado/compresa-tocologica-de-celulosa-grande-maternity-25-ud-maternity/R-590507738/p
Bebe,Colonia para bebé siempre fresca fragancia citrica y floral Nenuco 600 ml.,"3,70 €","0,55 €/100ml",https://www.carrefour.es/supermercado/compresa-tocologica-de-celulosa-grande-maternity-25-ud-maternity/R-590507738/p
Bebe,Gel de ducha leche de almendras Nenuco 750 ml,"2,29 €","0,49 €/100ml",https://www.carrefour.es/supermercado/pomada-para-proteger-la-zona-del-panal-mitosyl-145-g-mitosyl/R-651602061/p
Bebe,"Preparado de manzana, mango y kiwi desde 6 meses ecológico Naturnes Bio sin gluten pack de 4 unidades de 90 g.","7,70 €","6,36 €/kg",https://www.carrefour.es/supermercado/pomada-para-proteger-la-zona-del-panal-mitosyl-145-g-mitosyl/R-651602061/p
Bebe,Papilla infantil desde 6 meses de 8 cereales integrales sin azúcar añadido Blevit plus Superfibra 600 g.,"2,30 €","12,83 €/kg",https://www.carrefour.es/supermercado/panales-carrefour-baby-ultra-dry-talla-4-8-16-kg-45-ud-carrefour-baby/R-prod970334/p
Bebe,Snack de cereales con frambuesa ecológico Nutripuffs Naturnes Bio Nestlé 35 g.,"1,76 €","50,29 €/kg",https://www.carrefour.es/supermercado/snack-de-cereales-con-frambuesa-ecologico-nutripuffs-naturnes-bio-nestle-35-g-nestle-naturnes/R-fprod1480103/p
Bebe,Acondicionador no mas tirones Johnson's 500 ml.,"3,15 €","0,63 €/100ml",https://www.carrefour.es/supermercado/snack-de-cereales-con-frambuesa-ecologico-nutripuffs-naturnes-bio-nestle-35-g-nestle-naturnes/R-fprod1480103/p
Bebe,Champú limpia y protege el cuero cabelludo con extracto natural de camomila y aloe vera Baby Natura 600 ml.,"2,39 €","0,40 €/100ml",https://www.carrefour.es/supermercado/acondicionador-no-mas-tirones-johnsons-500-ml-johnsons-baby/R-prod1120689/p
Bebe,Tarrito de queso fresco con plátano y manzana desde 6 meses Hero Baby Petit pack de 2 unidades de 80 g.,"1,73 €","10,81 €/kg",https://www.carrefour.es/supermercado/acondicionador-no-mas-tirones-johnsons-500-ml-johnsons-baby/R-prod1120689/p
Bebe,Bolsitas Yogolino Plátano y Fresa 90 gr,"1,00 €","11,11 €/kg",https://www.carrefour.es/supermercado/champu-limpia-y-protege-el-cuero-cabelludo-con-extracto-natural-de-camomila-y-aloe-vera-baby-natura-600-ml/R-fprod1330023/p
Bebe,Leche de Continuación Puleva Peques 2 Líquida Slim 1l,"1,45 €","1,45 €/l",https://www.carrefour.es/supermercado/champu-limpia-y-protege-el-cuero-cabelludo-con-extracto-natural-de-camomila-y-aloe-vera-baby-natura-600-ml/R-fprod1330023/p
Bebe,Leche infantil de crecimiento desde 1 año sabor galleta maría Nestlé Junior sin aceite de palma brick 1 l.,"1,20 €","1,20 €/l",https://www.carrefour.es/supermercado/tarrito-de-queso-fresco-con-platano-y-manzana-desde-6-meses-hero-baby-petit-pack-de-2-unidades-de-80-g-hero-babypostres/R-521028874/p
Bebe,Postre lácteo mini de pera desde 6 meses Nestlé Yogolino sin gluten sin aceite de palma pack de 6 unidades de 60 g.,"2,25 €","6,25 €/kg",https://www.carrefour.es/supermercado/tarrito-de-queso-fresco-con-platano-y-manzana-desde-6-meses-hero-baby-petit-pack-de-2-unidades-de-80-g-hero-babypostres/R-521028874/p
Bebe,Papilla infantil desde 4 meses de cereales Nestlé sin gluten y sin aceite de palma 500 g.,"3,00 €","6,00 €/kg",https://www.carrefour.es/supermercado/bolsitas-yogolino-platano-y-fresa-90-gr-nestle-yogolino/R-805726763/p
Bebe,Papilla infantil desde 6 meses 8 Cereales con Fruta sin azúcares añadidos Hero Baby sin lactosa sin aceite de palma 340 gr,"2,80 €","8,24 €/kg",https://www.carrefour.es/supermercado/bolsitas-yogolino-platano-y-fresa-90-gr-nestle-yogolino/R-805726763/p
Bebe,Bolsitas Nestlé 4 Frutas 90 grs,"0,87 €","9,67 €/kg",https://www.carrefour.es/supermercado/promocion?promoId=promof2530036
Bebe,Pañales Dodot Sensitive Extra Talla 5 (12-17 kg) 48 ud.,"22,45 €","0,47 €/ud",https://www.carrefour.es/supermercado/leche-de-continuacion-puleva-peques-2-liquida-slim-1l-puleva/R-521028674/p
Bebe,"Tarrito de plátano, mandarina y pera desde 4 meses Hero Baby pack de 2 unidades de 120 g.","1,19 €","4,96 €/kg",https://www.carrefour.es/supermercado/leche-de-continuacion-puleva-peques-2-liquida-slim-1l-puleva/R-521028674/p
Bebe,Loción Corporal Dove Baby Hidratación Profunda 400ml,"3,59 €","0,90 €/100ml",https://www.carrefour.es/supermercado/leche-infantil-de-crecimiento-desde-1-ano-sabor-galleta-maria-nestle-junior-sin-aceite-de-palma-brick-1-l-nestle-junior/R-773503947/p
Bebe,Pañales premium ultra protect Carrefour Baby T5 (11kg.-25kg) 36 ud.,"9,25 €","0,26 €/ud",https://www.carrefour.es/supermercado/leche-infantil-de-crecimiento-desde-1-ano-sabor-galleta-maria-nestle-junior-sin-aceite-de-palma-brick-1-l-nestle-junior/R-773503947/p
Bebe,Leche infantil de crecimiento desde los 12 meses en polvo Nan Optipro 3 lata 800 g.,"13,60 €","17,00 €/kg",https://www.carrefour.es/supermercado/postre-lacteo-mini-de-pera-desde-6-meses-nestle-yogolino-sin-gluten-sin-aceite-de-palma-pack-de-6-unidades-de-60-g-nestle-yogolino/R-658001794/p
Bebe,Yogur con plátano y fresa Hero Nanos Mi Merienda sin gluten bolsita de 100 g.,"0,80 €","8,00 €/kg",https://www.carrefour.es/supermercado/postre-lacteo-mini-de-pera-desde-6-meses-nestle-yogolino-sin-gluten-sin-aceite-de-palma-pack-de-6-unidades-de-60-g-nestle-yogolino/R-658001794/p
Bebe,Protegecamas Infantil Carrefour Baby 10 ud.,"4,95 €","0,49 €/ud",https://www.carrefour.es/supermercado/promocion?promoId=promof2530036
Bebe,Tarrito de tres frutas ecológico Smileat 130 g.,"1,42 €","10,92 €/kg",https://www.carrefour.es/supermercado/papilla-infantil-desde-4-meses-de-cereales-nestle-sin-gluten-y-sin-aceite-de-palma-500-g-nestle/R-fprod1330030/p
Bebe,Compresa tocológica de algodón Maternity 20 ud.,"2,60 €","0,13 €/ud",https://www.carrefour.es/supermercado/papilla-infantil-desde-4-meses-de-cereales-nestle-sin-gluten-y-sin-aceite-de-palma-500-g-nestle/R-fprod1330030/p
Bebe,Leche infantil de continuación desde 6 meses en polvo Almirón Advance 2 1200 g.,"22,60 €","18,83 €/kg",https://www.carrefour.es/supermercado/papilla-infantil-desde-6-meses-8-cereales-con-fruta-sin-azucares-anadidos-hero-baby-sin-lactosa-sin-aceite-de-palma-340-gr-hero-baby/R-prod1161152/p
Bebe,Papilla multicereales desde 6 meses ecológica Carrefour Baby Bio 400 g.,"3,10 €","7,75 €/kg",https://www.carrefour.es/supermercado/papilla-infantil-desde-6-meses-8-cereales-con-fruta-sin-azucares-anadidos-hero-baby-sin-lactosa-sin-aceite-de-palma-340-gr-hero-baby/R-prod1161152/p
Bebe,Ropa interior absorbente niño noche DryNites 3-5 años (16kg-23 kg.) 16 ud.,"1,88 €","0,77 €/ud",https://www.carrefour.es/supermercado/bolsitas-nestle-4-frutas-90-grs-nestle/R-776104275/p
Bebe,Pants noche Carrefour Kids Talla 8-15 años (27-57 Kg) 12 ud.,"9,90 €","0,83 €/ud",https://www.carrefour.es/supermercado/pants-noche-carrefour-kids-talla-8-15-anos-27-57-kg-12-ud-carrefour/R-551303187/p
Bebe,Ropa interior absorbente niña noche DryNites 8-15 años (27kg-57 kg.) 13 ud.,"13,00 €","0,95 €/ud",https://www.carrefour.es/supermercado/pants-noche-carrefour-kids-talla-8-15-anos-27-57-kg-12-ud-carrefour/R-551303187/p
Bebe,Leche infantil de crecimiento desde 1 año Nestle Nidina 3 sin gluten sin aceite de palma 800 g.,"2,30 €","16,25 €/kg",https://www.carrefour.es/supermercado/ropa-interior-absorbente-nina-noche-drynites-8-15-anos-27kg-57-kg-13-ud-drynites/R-521036781/p
Bebe,Tarrito de Melocotón con Platano y Pera Ecológico Carrefour Baby Bio desde 6 meses pack de 2 unidades de 200 g.,"11,15 €","5,75 €/kg",https://www.carrefour.es/supermercado/ropa-interior-absorbente-nina-noche-drynites-8-15-anos-27kg-57-kg-13-ud-drynites/R-521036781/p
Bebe,Toallitas para bebé Dodot Sensitive pack de 6 paquetes de 54 ud.,"1,65 €","0,03 €/ud",https://www.carrefour.es/supermercado/HuchaPromocion?promoId=huchaDisc420116
Bebe,NATURNES BIO TARRITO Guisantes con Patata y Pollo 200 g,"9,25 €","8,68 €/kg",https://www.carrefour.es/supermercado/leche-infantil-de-crecimiento-desde-1-ano-nestle-nidina-3-sin-gluten-sin-aceite-de-palma-800-g-nestle-nidina/R-521009516/p
Bebe,Pañales Premium Ultra Protect Carrefour Baby T4 (7kg.-18kg.) 40 ud.,"0,80 €","0,23 €/ud",https://www.carrefour.es/supermercado/leche-infantil-de-crecimiento-desde-1-ano-nestle-nidina-3-sin-gluten-sin-aceite-de-palma-800-g-nestle-nidina/R-521009516/p
Bebe,Preparado multifrutas con galleta desde 6 meses Hero Baby sin azúcares añadidos bolsita de 100 g.,"1,76 €","8,00 €/kg",https://www.carrefour.es/supermercado/promocion?promoId=promof2550005
Bebe,Snack de cereales con zanahoria ecológico Nutripuffs Naturnes Bio Nestlé 35 g.,"22,45 €","50,29 €/kg",https://www.carrefour.es/supermercado/tarrito-de-melocoton-con-platano-y-pera-ecologico-carrefour-baby-bio-desde-6-meses-pack-de-2-unidades-de-200-g/R-VC4AECOMM-432615/p
Bebe,Pants Dodot Activity Extra Talla 6 +16 Kg 37 ud.,"1,84 €","0,61 €/ud",https://www.carrefour.es/supermercado/tarrito-de-melocoton-con-platano-y-pera-ecologico-carrefour-baby-bio-desde-6-meses-pack-de-2-unidades-de-200-g/R-VC4AECOMM-432615/p
Bebe,"Tarrito de mandarina, manzana y galletas desde 6 meses Hero Baby merienda pack de 2 unidades de 200 g.","0,80 €","4,84 €/kg",https://www.carrefour.es/supermercado/toallitas-para-bebe-dodot-sensitive-pack-de-6-paquetes-de-54-ud-dodot-sensitive/R-631702376/p
Bebe,Yogur con bizcocho Hero Nanos Mi Merienda bolsita de 100 g.,"3,50 €","8,00 €/kg",https://www.carrefour.es/supermercado/toallitas-para-bebe-dodot-sensitive-pack-de-6-paquetes-de-54-ud-dodot-sensitive/R-631702376/p
Bebe,Loción corporal Corrontouch Johnson's 500 ml.,"2,30 €","0,70 €/100ml",https://www.carrefour.es/supermercado/naturnes-bio-tarrito-guisantes-con-patata-y-pollo-200-g-nestle-naturnes/R-prod760332/p
Bebe,Tarrito multifrutas Ecológica Carrefour Baby Bio desde 6 meses pack de 2 unidades de 200 g.,"2,30 €","5,75 €/kg",https://www.carrefour.es/supermercado/naturnes-bio-tarrito-guisantes-con-patata-y-pollo-200-g-nestle-naturnes/R-prod760332/p
Bebe,Tarrito de verduritas con pollo desde 6 meses ecológico Carrefour Baby Bio pack de 2 unidades de 200 g,"3,15 €","5,75 €/kg",https://www.carrefour.es/supermercado/panales-premium-ultra-protect-carrefour-baby-t4-7kg-18kg-40-ud-carrefour-baby/R-prod980028/p
Bebe,Acondicionador spray Gotas de brillo Johnson's 200 ml.,"13,95 €","1,57 €/100ml",https://www.carrefour.es/supermercado/panales-premium-ultra-protect-carrefour-baby-t4-7kg-18kg-40-ud-carrefour-baby/R-prod980028/p
Bebe,Leche en Polvo Nidina 1 Premium para Lactantes 800 gr,"3,90 €","17,44 €/kg",https://www.carrefour.es/supermercado/preparado-multifrutas-con-galleta-desde-6-meses-hero-baby-sin-azucares-anadidos-bolsita-de-100-g-hero-baby/R-824302023/p
Bebe,Yogur con plátano y fresa Hero Mi Merienda pack de 4 bolsitas de 100 g.,"0,80 €","9,75 €/kg",https://www.carrefour.es/supermercado/preparado-multifrutas-con-galleta-desde-6-meses-hero-baby-sin-azucares-anadidos-bolsita-de-100-g-hero-baby/R-824302023/p
Bebe,Preparado de gelatina con frutas del bosque Hero Nanos sin gluten bolsita de 100 g.,"2,30 €","8,00 €/kg",https://www.carrefour.es/supermercado/snack-de-cereales-con-zanahoria-ecologico-nutripuffs-naturnes-bio-nestle-35-g-nestle-naturnes/R-fprod1480099/p
Bebe,Tarrito de guisantes con jamón desde 6 meses ecológico Carrefour Baby Bio pack de 2 unidades de 200 g,"7,85 €","5,75 €/kg",https://www.carrefour.es/supermercado/snack-de-cereales-con-zanahoria-ecologico-nutripuffs-naturnes-bio-nestle-35-g-nestle-naturnes/R-fprod1480099/p
Bebe,Pañales Dodot Sensitive Recién Nacido Talla 2 (4-8 kg) 34 uds,"0,80 €","0,23 €/ud",https://www.carrefour.es/supermercado/pants-dodot-activity-extra-talla-6-16-kg-37-ud-dodot-activity/R-prod960115/p
Bebe,Yogur con fresa Hero Nanos Mi Merienda sin gluten bolsita de 100 g.,"1,05 €","8,00 €/kg",https://www.carrefour.es/supermercado/pants-dodot-activity-extra-talla-6-16-kg-37-ud-dodot-activity/R-prod960115/p
Bebe,Yogur de manzana y plátano ecológico Hero Solo bolsita 100 g.,"11,55 €","10,50 €/kg",https://www.carrefour.es/supermercado/HuchaPromocion?promoId=huchaDisc420105
Bebe,Loción corporal hidratante Hydra Bebé Mustela 500 ml.,"12,40 €","2,48 €/100ml",https://www.carrefour.es/supermercado/locion-corporal-hidratante-hydra-bebe-mustela-500-ml-mustela/R-590510652/p
Bebe,Tarrito de manzana y naranja ecológico Smileat 130 g.,"1,51 €","11,62 €/kg",https://www.carrefour.es/supermercado/locion-corporal-hidratante-hydra-bebe-mustela-500-ml-mustela/R-590510652/p
Bebe,Loción corporal pieles átopicas Instituto Español 750 ml.,"8,35 €","1,11 €/100ml",https://www.carrefour.es/supermercado/tarrito-de-manzana-y-naranja-ecologico-smileat-130-g-smileat/R-prod395523/p
Bebe,Papilla 8 cereales con galletas María desde 6 meses sin azúcar añadido Nutribén 600 gr,"4,45 €","7,42 €/kg",https://www.carrefour.es/supermercado/tarrito-de-manzana-y-naranja-ecologico-smileat-130-g-smileat/R-prod395523/p
Bebe,Ropa interior absorbente niña noche DryNites 3-5 años (16kg-23 kg.) 16 ud,"1,65 €","0,77 €/ud",https://www.carrefour.es/supermercado/locion-corporal-pieles-atopicas-instituto-espanol-750-ml/R-VC4AECOMM-530994/p
Bebe,NATURNES BIO TARRITO Hortalizas con Ternera 200 g,"2,05 €","8,68 €/kg",https://www.carrefour.es/supermercado/locion-corporal-pieles-atopicas-instituto-espanol-750-ml/R-VC4AECOMM-530994/p
Bebe,Tarrito de verduras con quinoa ecológico Smileat sin gluten 230 g.,"1,21 €","8,91 €/kg",https://www.carrefour.es/supermercado/papilla-8-cereales-con-galletas-maria-desde-6-meses-sin-azucar-anadido-nutriben-600-gr-nutriben/R-804324052/p
Bebe,Tarrito de ternera con patatas y zanahorias desde los 6 meses Nutribén Potitos 235 g.,"9,80 €","5,15 €/kg",https://www.carrefour.es/supermercado/papilla-8-cereales-con-galletas-maria-desde-6-meses-sin-azucar-anadido-nutriben-600-gr-nutriben/R-804324052/p
Bebe,Crema bálsamo para proteger la zona del pañal 123 Mustela 150 ml,"1,23 €","6,53 €/100ml",https://www.carrefour.es/supermercado/ropa-interior-absorbente-nina-noche-drynites-3-5-anos-16kg-23-kg-16-ud-drynites/R-641402050/p
Bebe,Toallitas húmedas con tapa infantiles Peppa Pig 20 uds.,"8,75 €","0,06 €/ud",https://www.carrefour.es/supermercado/ropa-interior-absorbente-nina-noche-drynites-3-5-anos-16kg-23-kg-16-ud-drynites/R-641402050/p
Bebe,Crema para proteger la zona del pañal Weleda Caléndula 75 ml,"8,90 €","11,67 €/100ml",https://www.carrefour.es/supermercado/HuchaPromocion?promoId=huchaDisc420116
Bebe,Papilla infantil desde 5 meses de 8 cereales y galletas María Blevit plus 600 g.,"2,85 €","14,83 €/kg",https://www.carrefour.es/supermercado/naturnes-bio-tarrito-hortalizas-con-ternera-200-g-nestle-naturnes/R-prod760329/p
Bebe,Papilla infantil desde 6 meses 7 cereales ecológica Smileat 200 g.,"1,21 €","14,25 €/kg",https://www.carrefour.es/supermercado/naturnes-bio-tarrito-hortalizas-con-ternera-200-g-nestle-naturnes/R-prod760329/p
Bebe,Tarrito de verduritas con lenguado desde 6 meses Nutribén 235 g.,"2,29 €","5,15 €/kg",https://www.carrefour.es/supermercado/tarrito-de-verduras-con-quinoa-ecologico-smileat-sin-gluten-230-g-smileat/R-fprod1220106/p
Bebe,Postre lacteo natural desde 6 meses sin azúcar añadido ecológico Nestlé Naturnes pack de 4 unidades de 90 g.,"7,10 €","6,36 €/kg",https://www.carrefour.es/supermercado/tarrito-de-verduras-con-quinoa-ecologico-smileat-sin-gluten-230-g-smileat/R-fprod1220106/p
Bebe,Pañales ecológicos Carrefour Baby Talla 5 junior (11-25 Kg) 24 ud.,"6,70 €","0,30 €/ud",https://www.carrefour.es/supermercado/tarrito-de-ternera-con-patatas-y-zanahorias-desde-los-6-meses-nutriben-potitos-235-g/R-fprod1280385/p
Bebe,Champú bebé ultra suave Mustela 200 ml.,"0,87 €","3,35 €/100ml",https://www.carrefour.es/supermercado/tarrito-de-ternera-con-patatas-y-zanahorias-desde-los-6-meses-nutriben-potitos-235-g/R-fprod1280385/p
Bebe,Bolsita Nestlé Multifrutas 90g,"1,63 €","9,67 €/kg",https://www.carrefour.es/supermercado/crema-balsamo-para-proteger-la-zona-del-panal-123-mustela-150-ml-mustela/R-590511424/p
Bebe,"Tarrito de patatas, zanahoria y salmón desde 8 meses ecológico Hero Baby Solo 190 g.","2,00 €","8,58 €/kg",https://www.carrefour.es/supermercado/crema-balsamo-para-proteger-la-zona-del-panal-123-mustela-150-ml-mustela/R-590511424/p
Bebe,Tarrito de boniato y chirivia con ternera desde 6 meses ecológico Naturnes Nestlé 190 g.,"1,76 €","10,53 €/kg",https://www.carrefour.es/supermercado/toallitas-humedas-con-tapa-infantiles-peppa-pig-20-uds-peppa-pig/R-730701876/p
Bebe,Snacks de plátano Naturnes Bio 35 g.,"11,45 €","50,29 €/kg",https://www.carrefour.es/supermercado/toallitas-humedas-con-tapa-infantiles-peppa-pig-20-uds-peppa-pig/R-730701876/p
Bebe,Papilla infantil desde 6 meses 8 cereales con galleta maría sin azúcar añadido Nestlé sin aceite de palma 2400 g.,"3,10 €","4,77 €/kg",https://www.carrefour.es/supermercado/crema-para-proteger-la-zona-del-panal-weleda-calendula-75-ml-weleda/R-710701799/p
Bebe,Champú Dove Baby Hidratación Profunda 400ml,"3,10 €","0,77 €/100ml",https://www.carrefour.es/supermercado/crema-para-proteger-la-zona-del-panal-weleda-calendula-75-ml-weleda/R-710701799/p
Bebe,Jabón Cotton Touch Johson's 500 ml,"3,70 €","0,74 €/100ml",https://www.carrefour.es/supermercado/jabon-cotton-touch-johsons-500-ml-johnsons/R-prod1070219/p
Bebe,Pañales ultra dry Carrefour Baby Talla 3 (4-9 kg) 49 ud.,"6,66 €","0,14 €/ud",https://www.carrefour.es/supermercado/jabon-cotton-touch-johsons-500-ml-johnsons/R-prod1070219/p
Bebe,Bolsitas Yogolino Manzana y Fresa a partir de 8 meses 90gr,"1,00 €","11,11 €/kg",https://www.carrefour.es/supermercado/HuchaPromocion?promoId=huchaDisc420109
Bebe,Papilla 5 Cereales Nestlé 1200 gr,"6,25 €","5,21 €/kg",https://www.carrefour.es/supermercado/panales-ultra-dry-carrefour-baby-talla-3-4-9-kg-49-ud-carrefour-baby/R-prod970319/p
Bebe,Leche infantil de crecimiento desde los 12 meses en polvo Almirón Advance 3 1200 g.,"19,35 €","16,13 €/kg",https://www.carrefour.es/supermercado/panales-ultra-dry-carrefour-baby-talla-3-4-9-kg-49-ud-carrefour-baby/R-prod970319/p
Bebe,Tarrito de brócoli y guisantes con pavo desde 6 meses ecológico Naturnes Nestlé 190 g.,"2,05 €","10,79 €/kg",https://www.carrefour.es/supermercado/bolsitas-yogolino-manzana-y-fresa-a-partir-de-8-meses-90gr-nestle-yogolino/R-794681605/p
Bebe,Acondicionador Johnson's Baby 500 ml.,"3,40 €","0,68 €/100ml",https://www.carrefour.es/supermercado/bolsitas-yogolino-manzana-y-fresa-a-partir-de-8-meses-90gr-nestle-yogolino/R-794681605/p
Bebe,"Preparado de pera, plátano y avena sin azúcar añadido desde 6 meses Hero Baby bolsita de 100 g.","0,80 €","8,00 €/kg",https://www.carrefour.es/supermercado/promocion?promoId=promof2530036
Bebe,Galletas infantiles desde 4 meses Almirón sin gluten 250 g.,"2,80 €","11,20 €/kg",https://www.carrefour.es/supermercado/papilla-5-cereales-nestle-1200-gr-nestle/R-521028919/p
Bebe,Leche infantil de continuación Blemil Plus 2 Forte lata 800 g.,"16,15 €","20,19 €/kg",https://www.carrefour.es/supermercado/papilla-5-cereales-nestle-1200-gr-nestle/R-521028919/p
Bebe,Tarrito multifrutas ecológico Smileat 130 g.,"1,42 €","10,92 €/kg",https://www.carrefour.es/supermercado/leche-infantil-de-crecimiento-desde-los-12-meses-en-polvo-almiron-advance-3-1200-g-almiron/R-713315936/p
Bebe,Aceite baby Johnson's 500 ml.,"3,30 €","0,66 €/100ml",https://www.carrefour.es/supermercado/leche-infantil-de-crecimiento-desde-los-12-meses-en-polvo-almiron-advance-3-1200-g-almiron/R-713315936/p
Bebe,Pañales Dodot Talla 6 +13 kg 66 uds,"19,57 €","0,30 €/ud",https://www.carrefour.es/supermercado/tarrito-de-brocoli-y-guisantes-con-pavo-desde-6-meses-ecologico-naturnes-nestle-190-g-nestle-naturnes/R-fprod1480106/p
Bebe,Yogur de fresa desde 6 meses sin azúcar añadido Hero Baby Yogurines pack de 4 unidades de 100 g.,"2,19 €","5,47 €/kg",https://www.carrefour.es/supermercado/tarrito-de-brocoli-y-guisantes-con-pavo-desde-6-meses-ecologico-naturnes-nestle-190-g-nestle-naturnes/R-fprod1480106/p
Bebe,Tarrito de guisantes y brócolio ecológicos Nestlé Naturnes 125 g.,"1,26 €","10,08 €/kg",https://www.carrefour.es/supermercado/acondicionador-johnsons-baby-500-ml-johnsons-baby/R-prod1120286/p
Bebe,Champú camomila dosificador Johnson's Baby 500 ml.,"3,80 €","0,76 €/100ml",https://www.carrefour.es/supermercado/acondicionador-johnsons-baby-500-ml-johnsons-baby/R-prod1120286/p
Bebe,Papilla infantil desde 6 meses 8 Cereales con miel Nestlé sin aceite de palma 2400 g,"11,45 €","4,77 €/kg",https://www.carrefour.es/supermercado/preparado-de-pera-platano-y-avena-sin-azucar-anadido-desde-6-meses-hero-baby-bolsita-de-100-g-hero-baby/R-fprod1220186/p
Bebe,Pants soft & eco-friendly ecológico My Carrefour Baby T5 (12-18 kg) 18 ud.,"6,10 €","0,34 €/ud",https://www.carrefour.es/supermercado/preparado-de-pera-platano-y-avena-sin-azucar-anadido-desde-6-meses-hero-baby-bolsita-de-100-g-hero-baby/R-fprod1220186/p
Bebe,Tarrito de zanahoria y boniato ecológicos Nestlé Naturnes 125 g.,"1,31 €","10,48 €/kg",https://www.carrefour.es/supermercado/galletas-infantiles-desde-4-meses-almiron-sin-gluten-250-g-almiron/R-713315960/p
Bebe,Leche infantil de crecimiento en polvo Nativa 3 sin aceite de palma 800 g.,"9,35 €","11,69 €/kg",https://www.carrefour.es/supermercado/galletas-infantiles-desde-4-meses-almiron-sin-gluten-250-g-almiron/R-713315960/p
Bebe,Leche infantil de continuación desde 6 meses en polvo Blemil Plus Optimum 2 lata 800 g.,"21,35 €","26,69 €/kg",https://www.carrefour.es/supermercado/leche-infantil-de-continuacion-blemil-plus-2-forte-lata-800-g-blemil-plus/R-657701745/p
Bebe,Loción corporal hidratante ecológica Natural Denenes 400 ml.,"4,15 €","1,04 €/100ml",https://www.carrefour.es/supermercado/leche-infantil-de-continuacion-blemil-plus-2-forte-lata-800-g-blemil-plus/R-657701745/p
Bebe,Talco para la higiene y el cuidado de la piel Eudermin 200 g.,"1,74 €","0,87 €/100g",https://www.carrefour.es/supermercado/tarrito-multifrutas-ecologico-smileat-130-g-smileat/R-prod395452/p
Bebe,Pants Dodot Activity Talla 4 (9-15 Kg) 45 ud.,"22,45 €","0,50 €/ud",https://www.carrefour.es/supermercado/tarrito-multifrutas-ecologico-smileat-130-g-smileat/R-prod395452/p
Bebe,Leche infantil para lactantes en polvo Nan Optipro 1 lata 800 g.,"17,50 €","21,87 €/kg",https://www.carrefour.es/supermercado/leche-infantil-para-lactantes-en-polvo-nan-optipro-1-lata-800-g-nestle-nan/R-590504442/p
Bebe,Preparado de manzana sin azúcar añadido desde 6 meses ecológico My Carrefour Baby sin gluten pack de 4 bolsitas de 100 g.,"1,99 €","4,97 €/kg",https://www.carrefour.es/supermercado/leche-infantil-para-lactantes-en-polvo-nan-optipro-1-lata-800-g-nestle-nan/R-590504442/p
Bebe,Colonia infantil Suavinex 100 ml.,"10,35 €","10,35 €/100ml",https://www.carrefour.es/supermercado/preparado-de-manzana-sin-azucar-anadido-desde-6-meses-ecologico-my-carrefour-baby-sin-gluten-pack-de-4-bolsitas-de-100-g/R-VC4AECOMM-550147/p
Bebe,Talco Carrefour Baby Sensitive 250g,"1,73 €","0,69 €/100g",https://www.carrefour.es/supermercado/preparado-de-manzana-sin-azucar-anadido-desde-6-meses-ecologico-my-carrefour-baby-sin-gluten-pack-de-4-bolsitas-de-100-g/R-VC4AECOMM-550147/p
Bebe,Suero fisiológico SENTI2 pack 30 monodosis de 5 ml,"3,59 €","3,59 €/ud",https://www.carrefour.es/supermercado/colonia-infantil-suavinex-100-ml-suavinex/R-590502502/p
Bebe,Tarrito de manzana y plátano Ecológico Carrefour Baby Bio desde 6 meses pack de 2 unidades de 200 g.,"2,30 €","5,75 €/kg",https://www.carrefour.es/supermercado/colonia-infantil-suavinex-100-ml-suavinex/R-590502502/p
Bebe,Tarrito de pollo con guisantes y zanahorias desde 6 meses Nutribén 235 g.,"1,21 €","5,15 €/kg",https://www.carrefour.es/supermercado/talco-carrefour-baby-sensitive-250g-carrefour-baby/R-735905772/p
Bebe,Tarrito de jamón y ternera con menestra de verduras desde los 6 meses Nutribén Potitos 235 g.,"1,21 €","5,15 €/kg",https://www.carrefour.es/supermercado/talco-carrefour-baby-sensitive-250g-carrefour-baby/R-735905772/p
Bebe,Postre lácteo de pera y plátano desde 6 meses sin azúcar añadido ecológico Nestlé Naturnes pack de 4 unidades de 90 g.,"2,29 €","6,36 €/kg",https://www.carrefour.es/supermercado/suero-fisiologico-senti2-pack-30-monodosis-de-5-ml-senti2/R-590509096/p
Bebe,"Pañales Dodot Sensitive Recién Nacido Talla 0 (1,5-2,5 kg) 24 uds","5,75 €","0,24 €/ud",https://www.carrefour.es/supermercado/suero-fisiologico-senti2-pack-30-monodosis-de-5-ml-senti2/R-590509096/p
Bebe,Crema hidratante fragancia original Nenuco 400 ml.,"3,40 €","0,85 €/100ml",https://www.carrefour.es/supermercado/tarrito-de-manzana-y-platano-ecologico-carrefour-baby-bio-desde-6-meses-pack-de-2-unidades-de-200-g/R-VC4AECOMM-432603/p
Bebe,Postre lácteo de plátano desde 6 meses Nestlé Yogolino si gluten sin aceite de palma pack de 4 unidades de 100 g.,"2,15 €","5,37 €/kg",https://www.carrefour.es/supermercado/tarrito-de-manzana-y-platano-ecologico-carrefour-baby-bio-desde-6-meses-pack-de-2-unidades-de-200-g/R-VC4AECOMM-432603/p
Bebe,Leche infantil de continuación cereales con galleta maría desde 6 Meses Nestlé sin aceite de palma pack de 2 unidades de 250 ml,"2,00 €","4,00 €/l",https://www.carrefour.es/supermercado/tarrito-de-pollo-con-guisantes-y-zanahorias-desde-6-meses-nutriben-235-g-nutriben/R-fprod1250163/p
Bebe,Tarrito de verduritas variadas desde 4 meses ecológico Carrefour Baby Bio pack de 2 unidades de 200 g,"2,30 €","5,75 €/kg",https://www.carrefour.es/supermercado/tarrito-de-pollo-con-guisantes-y-zanahorias-desde-6-meses-nutriben-235-g-nutriben/R-fprod1250163/p
Bebe,Agua colonia sin alcohol Mustela 200 ml.,"6,90 €","3,45 €/100ml",https://www.carrefour.es/supermercado/tarrito-de-jamon-y-ternera-con-menestra-de-verduras-desde-los-6-meses-nutriben-potitos-235-g/R-fprod1280388/p
Bebe,Leche Hero Baby Nutrasense 2 800 gr,"7,45 €","9,31 €/kg",https://www.carrefour.es/supermercado/tarrito-de-jamon-y-ternera-con-menestra-de-verduras-desde-los-6-meses-nutriben-potitos-235-g/R-fprod1280388/p
Bebe,Champú dosificador Johnson's Baby 500 ml.,"3,80 €","0,76 €/100ml",https://www.carrefour.es/supermercado/postre-lacteo-de-pera-y-platano-desde-6-meses-sin-azucar-anadido-ecologico-nestle-naturnes-pack-de-4-unidades-de-90-g-nestle-naturnes/R-prod760331/p
Bebe,Leche infantil de continuación con cereales Pijama desde 6 meses Nestlé sin aceite de palma pack de 2 unidades de 250 ml,"2,00 €","4,00 €/l",https://www.carrefour.es/supermercado/postre-lacteo-de-pera-y-platano-desde-6-meses-sin-azucar-anadido-ecologico-nestle-naturnes-pack-de-4-unidades-de-90-g-nestle-naturnes/R-prod760331/p
Bebe,Champú con extracto de camomila Carrefour Baby 750 ml.,"2,69 €","0,36 €/100ml",https://www.carrefour.es/supermercado/panales-dodot-sensitive-recien-nacido-talla-0-1-5-2-5-kg-24-uds-dodot-sensitive/R-795768803/p
Bebe,Champú muy suave Denenes 500 ml.,"3,00 €","0,60 €/100ml",https://www.carrefour.es/supermercado/panales-dodot-sensitive-recien-nacido-talla-0-1-5-2-5-kg-24-uds-dodot-sensitive/R-795768803/p
Bebe,Protector de cama 80 x 180 cms Sabanindas 20 ud.,"13,15 €","0,66 €/ud",https://www.carrefour.es/supermercado/crema-hidratante-fragancia-original-nenuco-400-ml-nenuco/R-594401703/p
Bebe,"Preparado de pera,manzana y plátano desde 4 meses ecológico Nestlé Naturnes sin gluten bolsita de 90 g.","1,06 €","11,78 €/kg",https://www.carrefour.es/supermercado/crema-hidratante-fragancia-original-nenuco-400-ml-nenuco/R-594401703/p
Bebe,Tarrito de garbanzos con verduritas desde 8 meses ecológico Carrefour Baby Bio 200 g,"0,93 €","4,65 €/kg",https://www.carrefour.es/supermercado/postre-lacteo-de-platano-desde-6-meses-nestle-yogolino-si-gluten-sin-aceite-de-palma-pack-de-4-unidades-de-100-g-nestle-yogolino/R-521028907/p
Bebe,Jabón líquido relajante Felices Sueños Denenes 500 ml.,"2,85 €","0,57 €/100ml",https://www.carrefour.es/supermercado/postre-lacteo-de-platano-desde-6-meses-nestle-yogolino-si-gluten-sin-aceite-de-palma-pack-de-4-unidades-de-100-g-nestle-yogolino/R-521028907/p
Bebe,Crema cuidado culito hipoalergénico Carrefour My Baby 250 ml.,"2,50 €","1,00 €/100ml",https://www.carrefour.es/supermercado/crema-cuidado-culito-hipoalergenico-carrefour-my-baby-250-ml/R-VC4AECOMM-488944/p
Bebe,Papilla infantil desde los 5-6 meses multicereales fos Damira sin lactosa 600 g.,"6,20 €","1,03 €/100g",https://www.carrefour.es/supermercado/crema-cuidado-culito-hipoalergenico-carrefour-my-baby-250-ml/R-VC4AECOMM-488944/p
Bebe,Leche infantil de continuación desde 6 meses Nan Supreme 2 lata 800 g.,"20,60 €","25,75 €/kg",https://www.carrefour.es/supermercado/papilla-infantil-desde-los-5-6-meses-multicereales-fos-damira-sin-lactosa-600-g-sanutri/R-590511144/p
Bebe,Pants soft & eco-friendly ecológico My Carrefour Baby T6 (+16 kg) 16 ud.,"6,10 €","0,38 €/ud",https://www.carrefour.es/supermercado/papilla-infantil-desde-los-5-6-meses-multicereales-fos-damira-sin-lactosa-600-g-sanutri/R-590511144/p
Bebe,Preparado de plátano y manzana Nestlé sin gluten pack de 4 unidades de 90 g.,"3,05 €","8,47 €/kg",https://www.carrefour.es/supermercado/leche-infantil-de-continuacion-desde-6-meses-nan-supreme-2-lata-800-g-nestle-nan/R-prod310547/p
Bebe,Esponja fibra natural Suavinex 1 ud.,"5,85 €","5,85 €/ud",https://www.carrefour.es/supermercado/leche-infantil-de-continuacion-desde-6-meses-nan-supreme-2-lata-800-g-nestle-nan/R-prod310547/p
Bebe,Toallitas rostro y manos con caléndula Corine de Farme 25 ud.,"1,71 €","0,07 €/ud",https://www.carrefour.es/supermercado/pants-soft-eco-friendly-ecologico-my-carrefour-baby-t6-16-kg-16-ud/R-VC4AECOMM-512784/p
Bebe,NATURNES BIO TARRITO Zanahoria y Tomate con Pavo 200 g,"1,65 €","8,68 €/kg",https://www.carrefour.es/supermercado/pants-soft-eco-friendly-ecologico-my-carrefour-baby-t6-16-kg-16-ud/R-VC4AECOMM-512784/p
Bebe,Leche infantil para lactantes en polvo Nativa 1 lata sin aceite de palma 800 g.,"9,90 €","12,37 €/kg",https://www.carrefour.es/supermercado/preparado-de-platano-y-manzana-nestle-sin-gluten-pack-de-4-unidades-de-90-g-nestle/R-fprod1280130/p
Bebe,"Pouch de cereza, açai y amaranto ecológico Smileat sin gluten y sin lactosa 100 g","1,42 €","14,20 €/kg",https://www.carrefour.es/supermercado/preparado-de-platano-y-manzana-nestle-sin-gluten-pack-de-4-unidades-de-90-g-nestle/R-fprod1280130/p
Bebe,Gel Champú Suavinex 750 ml,"11,25 €","1,50 €/100ml",https://www.carrefour.es/supermercado/promocion?promoId=promof2530036
Bebe,Fórmula de Crecimiento Nidina 4 Premium en Polvo 800g,"11,35 €","2,36 €/kg",https://www.carrefour.es/supermercado/esponja-fibra-natural-suavinex-1-ud-suavinex/R-590511916/p
Bebe,Pasta al agua Eryplast 200 g.,"13,90 €","6,95 €/100g",https://www.carrefour.es/supermercado/esponja-fibra-natural-suavinex-1-ud-suavinex/R-590511916/p
Bebe,Papilla infantil desde 12 meses de cereales con ColaCao Blevit plus 600 g.,"7,70 €","12,83 €/kg",https://www.carrefour.es/supermercado/toallitas-rostro-y-manos-con-calendula-corine-de-farme-25-ud-corine-de-farme/R-841300595/p
Bebe,Suero fisilógico Senti2 30 ud.,"6,70 €","0,11 €/ud",https://www.carrefour.es/supermercado/toallitas-rostro-y-manos-con-calendula-corine-de-farme-25-ud-corine-de-farme/R-841300595/p
Bebe,Tarrito de melocotón y frambuesa ecológico Smileat 130 g.,"1,42 €","10,92 €/kg",https://www.carrefour.es/supermercado/naturnes-bio-tarrito-zanahoria-y-tomate-con-pavo-200-g-nestle-naturnes/R-prod760311/p
Bebe,Pañales Dodot Azul Talla 2 (4-8 Kg) 112 uds,"22,49 €","0,20 €/ud",https://www.carrefour.es/supermercado/naturnes-bio-tarrito-zanahoria-y-tomate-con-pavo-200-g-nestle-naturnes/R-prod760311/p
Bebe,Leche infantil de inicio desde el primer día en polvo Almirón Avance 1 1200 g.,"27,75 €","23,12 €/kg",https://www.carrefour.es/supermercado/leche-infantil-para-lactantes-en-polvo-nativa-1-lata-sin-aceite-de-palma-800-g-nestle-nativa/R-531705135/p
Bebe,Crema de Pañal Baby Dove 45gr,"2,59 €","5,76 €/100g",https://www.carrefour.es/supermercado/leche-infantil-para-lactantes-en-polvo-nativa-1-lata-sin-aceite-de-palma-800-g-nestle-nativa/R-531705135/p
Bebe,"Bolsitas Nestlé Manzana, Zanahoria y Mango +6m 90grs","1,00 €","11,11 €/kg",https://www.carrefour.es/supermercado/pouch-de-cereza-aai-y-amaranto-ecologico-smileat-sin-gluten-y-sin-lactosa-100-g/R-VC4AECOMM-547310/p
Bebe,Champú Gotas de fuerza Johnson's 500 ml.,"3,15 €","0,63 €/100ml",https://www.carrefour.es/supermercado/pouch-de-cereza-aai-y-amaranto-ecologico-smileat-sin-gluten-y-sin-lactosa-100-g/R-VC4AECOMM-547310/p
Bebe,"Tarrito de manzana, naranja y plátano con galleta desde 6 meses Nutribén 250 g.","1,21 €","5,15 €/kg",https://www.carrefour.es/supermercado/gel-champu-suavinex-750-ml-suavinex/R-730814104/p
Bebe,Crema bálsamo para cambio de pañal pieles sensible y atópicas Instituto Español 150 ml.,"4,45 €","2,97 €/100ml",https://www.carrefour.es/supermercado/gel-champu-suavinex-750-ml-suavinex/R-730814104/p
Bebe,Pants My Carrefour Baby T5 (12-18 kg) 80 ud,"19,15 €","0,24 €/ud",https://www.carrefour.es/supermercado/formula-de-crecimiento-nidina-4-premium-en-polvo-800g-nestle-nidina/R-720619039/p
Bebe,Pañales premium ultra protect Carrefour Baby T3 (4kg.-9kg.) 44 ud.,"9,25 €","0,21 €/ud",https://www.carrefour.es/supermercado/panales-premium-ultra-protect-carrefour-baby-t3-4kg-9kg-44-ud-carrefour-baby/R-prod971900/p
Bebe,Gel-champú para bebés Nutraisdin 1000 ml.,"14,50 €","1,45 €/100ml",https://www.carrefour.es/supermercado/panales-premium-ultra-protect-carrefour-baby-t3-4kg-9kg-44-ud-carrefour-baby/R-prod971900/p
Bebe,Bolsitas yogolino Platano 90 gr,"1,00 €","11,11 €/kg",https://www.carrefour.es/supermercado/gel-champu-para-bebes-nutraisdin-1000-ml-nutraisdin/R-609203556/p
Bebe,Papilla infantil desde 5 meses 8 Cereales con galleta Damira 600 g.,"6,20 €","1,03 €/100g",https://www.carrefour.es/supermercado/gel-champu-para-bebes-nutraisdin-1000-ml-nutraisdin/R-609203556/p
Bebe,Tarrito de macedonia de frutas con cereales desde 6 meses Nutribén 250 g.,"1,21 €","5,15 €/kg",https://www.carrefour.es/supermercado/bolsitas-yogolino-platano-90-gr-nestle-yogolino/R-794747543/p
Bebe,Gel de Baño sin jabón para recién nacidos Instituto Español 500 ml.,"5,20 €","1,04 €/100ml",https://www.carrefour.es/supermercado/bolsitas-yogolino-platano-90-gr-nestle-yogolino/R-794747543/p
Bebe,Talco Johnson's Baby 200 g.,"2,75 €","1,37 €/100ml",https://www.carrefour.es/supermercado/promocion?promoId=promof2530036
Bebe,Papilla 8 cereales con miel y 4 frutas desde 6 meses Nutribén 600 gr,"4,45 €","7,42 €/kg",https://www.carrefour.es/supermercado/papilla-infantil-desde-5-meses-8-cereales-con-galleta-damira-600-g-sanutri/R-590502488/p
Bebe,Snacks de tomate Naturnes Bio 35 g.,"1,76 €","50,29 €/kg",https://www.carrefour.es/supermercado/papilla-infantil-desde-5-meses-8-cereales-con-galleta-damira-600-g-sanutri/R-590502488/p
Bebe,Aceite cotton touch Johnson's 300 ml.,"2,90 €","0,97 €/100ml",https://www.carrefour.es/supermercado/tarrito-de-macedonia-de-frutas-con-cereales-desde-6-meses-nutriben-250-g-nutriben/R-fprod1280560/p
Bebe,Tarrito de espagueti boloñesa desde 8 meses ecológico Carrefour Baby Bio 200 g,"0,93 €","4,65 €/kg",https://www.carrefour.es/supermercado/tarrito-de-macedonia-de-frutas-con-cereales-desde-6-meses-nutriben-250-g-nutriben/R-fprod1280560/p
Bebe,Braguitas desechables unitalla Indasec Pospart 4 ud.,"4,10 €","1,02 €/ud",https://www.carrefour.es/supermercado/gel-de-bano-sin-jabon-para-recien-nacidos-instituto-espanol-500-ml-instituto-espanol/R-prod590201/p
Bebe,Tarrrito de ternera con judías verdes y zanahorias desde 6 meses Nutribén 235 g.,"1,21 €","5,15 €/kg",https://www.carrefour.es/supermercado/gel-de-bano-sin-jabon-para-recien-nacidos-instituto-espanol-500-ml-instituto-espanol/R-prod590201/p
Bebe,Leche Infantil NIDINA 3 PREMIUM (2x800G),"22,90 €","14,31 €/kg",https://www.carrefour.es/supermercado/talco-johnsons-baby-200-g-johnsons-baby/R-527173282/p
Bebe,Gasas Mercurochrome 30 ud.,"4,90 €","0,16 €/ud",https://www.carrefour.es/supermercado/talco-johnsons-baby-200-g-johnsons-baby/R-527173282/p
Bebe,Tarrito de manzana y plátano ecológico Carrefour Baby Bio 200 g.,"0,93 €","4,65 €/kg",https://www.carrefour.es/supermercado/papilla-8-cereales-con-miel-y-4-frutas-desde-6-meses-nutriben-600-gr-nutriben/R-804324054/p
Bebe,Papilla infantil con cereales desde 4 meses ecológico Carrefour Baby Bio sin gluten 400 g.,"3,10 €","7,75 €/kg",https://www.carrefour.es/supermercado/papilla-8-cereales-con-miel-y-4-frutas-desde-6-meses-nutriben-600-gr-nutriben/R-804324054/p
Bebe,Leche infantil de crecimiento original desde 1 año Nestlé Junior sin aceite de palma brik 1 l.,"1,58 €","1,58 €/l",https://www.carrefour.es/supermercado/snacks-de-tomate-naturnes-bio-35-g-nestle-naturnes/R-fprod1480302/p
Bebe,Bolsita Nestlé Plátano y Manzana 90 grs,"0,87 €","9,67 €/kg",https://www.carrefour.es/supermercado/snacks-de-tomate-naturnes-bio-35-g-nestle-naturnes/R-fprod1480302/p
Bebe,Leche infantil para lactantes desde el primer día Nutriben Innova 1 lata 800 g.,"21,95 €","27,44 €/kg",https://www.carrefour.es/supermercado/aceite-cotton-touch-johnsons-300-ml-johnsons/R-prod1070220/p
Bebe,Toallitas húmedas Suavinex 25 ud.,"1,89 €","0,08 €/ud",https://www.carrefour.es/supermercado/aceite-cotton-touch-johnsons-300-ml-johnsons/R-prod1070220/p
Bebe,Leche de Continuación Nidina 2 Premium en Polvo 6 meses 1000g,"14,10 €","14,10 €/kg",https://www.carrefour.es/supermercado/tarrito-de-espagueti-bolonesa-desde-8-meses-ecologico-carrefour-baby-bio-200-g/R-VC4AECOMM-433066/p
Bebe,Pañales Dodot activity XXL Talla 6 (+13 Kg) 117 ud.,"45,99 €","0,39 €/ud",https://www.carrefour.es/supermercado/tarrito-de-espagueti-bolonesa-desde-8-meses-ecologico-carrefour-baby-bio-200-g/R-VC4AECOMM-433066/p
Bebe,Tarrito de lentejas con verduritas desde 8 meses ecológico Carrefour Baby Bio 200 g,"0,93 €","4,65 €/kg",https://www.carrefour.es/supermercado/braguitas-desechables-unitalla-indasec-pospart-4-ud-indasec-pospart/R-prod260491/p
Bebe,Set Limpiabiberoes Nuk,"5,90 €","5,90 €/ud",https://www.carrefour.es/supermercado/set-limpiabiberoes-nuk-nuk/R-590508198/p
Bebe,Spray Nasal Rhinomer Baby Fuerza Extra Suave 115 ml,"9,25 €","8,04 €/100ml",https://www.carrefour.es/supermercado/set-limpiabiberoes-nuk-nuk/R-590508198/p
Bebe,Leche infantil de continuación desde 6 meses Nutribén Pro+ 2 1200 g.,"19,85 €","16,54 €/kg",https://www.carrefour.es/supermercado/spray-nasal-rhinomer-baby-fuerza-extra-suave-115-ml-rhinomer/R-671401753/p
Bebe,Loción corporal hidratación & protección SPF 15 para todo tipo de pieles Dove 250 ml.,"3,70 €","14,80 €/l",https://www.carrefour.es/supermercado/spray-nasal-rhinomer-baby-fuerza-extra-suave-115-ml-rhinomer/R-671401753/p
Bebe,Pañales Carrefour Baby Ultra Dry Talla 3 (4-9 kg) 104 ud.,"13,85 €","0,13 €/ud",https://www.carrefour.es/supermercado/leche-infantil-de-continuacion-desde-6-meses-nutriben-pro-2-1200-g-nutriben/R-prod270493/p
Bebe,Leche infantil de crecimiento desde los 12 meses en polvo Nestlé Nan Supreme 3 sin aceite de palma lata 800 g.,"18,30 €","22,87 €/kg",https://www.carrefour.es/supermercado/leche-infantil-de-continuacion-desde-6-meses-nutriben-pro-2-1200-g-nutriben/R-prod270493/p
Bebe,Tarrito de verduritas con patata y salmón desde 8 meses ecológico Carrefour Baby Bio sin gluten 200 g.,"1,37 €","6,85 €/kg",https://www.carrefour.es/supermercado/locion-corporal-hidratacion-proteccion-spf-15-para-todo-tipo-de-pieles-dove-250-ml/R-VC4AECOMM-481887/p
Bebe,Papilla multicereales con fruta desde 6 meses ecológico Carrefour Baby Bio 400 g.,"3,10 €","7,75 €/kg",https://www.carrefour.es/supermercado/locion-corporal-hidratacion-proteccion-spf-15-para-todo-tipo-de-pieles-dove-250-ml/R-VC4AECOMM-481887/p
Bebe,Papilla infantil desde 12 meses de cereales con cacao y galletas María Nutribén 500 g.,"4,70 €","9,40 €/kg",https://www.carrefour.es/supermercado/panales-carrefour-baby-ultra-dry-talla-3-4-9-kg-104-ud-carrefour-baby/R-prod970004/p
Bebe,Tarrito de arroz con pollo y verduritas desde 6 meses ecológico Carrefour Baby Bio 200 g,"0,93 €","4,65 €/kg",https://www.carrefour.es/supermercado/panales-carrefour-baby-ultra-dry-talla-3-4-9-kg-104-ud-carrefour-baby/R-prod970004/p
Bebe,"Tarrito de melocotón, plátano y pera desde 6 meses ecológico Carrefour Baby Bio sin gluten 200 g.","0,93 €","4,65 €/kg",https://www.carrefour.es/supermercado/leche-infantil-de-crecimiento-desde-los-12-meses-en-polvo-nestle-nan-supreme-3-sin-aceite-de-palma-lata-800-g-nestle/R-prod1170147/p
Bebe,Crema corporal aceite de almendra Carrefour Baby 500 ml.,"2,99 €","0,40 €/100ml",https://www.carrefour.es/supermercado/leche-infantil-de-crecimiento-desde-los-12-meses-en-polvo-nestle-nan-supreme-3-sin-aceite-de-palma-lata-800-g-nestle/R-prod1170147/p
Bebe,Crema facial Cold Cream Nutriprotector Mustela 40 ml,"7,75 €","19,37 €/100ml",https://www.carrefour.es/supermercado/tarrito-de-verduritas-con-patata-y-salmon-desde-8-meses-ecologico-carrefour-baby-bio-sin-gluten-200-g/R-VC4AECOMM-432832/p
Bebe,Leche infantil de crecimiento desde los 12 meses Blemil Plus 3 lata 800 g.,"15,40 €","19,25 €/kg",https://www.carrefour.es/supermercado/tarrito-de-verduritas-con-patata-y-salmon-desde-8-meses-ecologico-carrefour-baby-bio-sin-gluten-200-g/R-VC4AECOMM-432832/p
Bebe,Leche infantil de continuación desde 6 meses Nutriben Innova 2 lata 800 g.,"18,70 €","23,37 €/kg",https://www.carrefour.es/supermercado/papilla-multicereales-con-fruta-desde-6-meses-ecologico-carrefour-baby-bio-400-g/R-VC4AECOMM-433082/p
Bebe,Papilla infantil desde los 5 meses 8 Cereales Damira sin lactosa 600 g,"6,20 €","1,03 €/100g",https://www.carrefour.es/supermercado/papilla-multicereales-con-fruta-desde-6-meses-ecologico-carrefour-baby-bio-400-g/R-VC4AECOMM-433082/p
Bebe,Leche Hero Baby Nutrasense 1 800 gr,"8,85 €","11,06 €/kg",https://www.carrefour.es/supermercado/papilla-infantil-desde-12-meses-de-cereales-con-cacao-y-galletas-maria-nutriben-500-g-nutriben/R-prod550093/p
Bebe,Leche infantil de continuación con cereales pijama con miel desde 6 meses Nestlé sin aceite de palma pack de 2 unidades de 250 ml,"2,00 €","4,00 €/l",https://www.carrefour.es/supermercado/papilla-infantil-desde-12-meses-de-cereales-con-cacao-y-galletas-maria-nutriben-500-g-nutriben/R-prod550093/p
Bebe,Loción hidratante corporal recién nacido pieles sensible y atópicas Instituto Español 300 ml.,"5,35 €","1,78 €/100ml",https://www.carrefour.es/supermercado/tarrito-de-arroz-con-pollo-y-verduritas-desde-6-meses-ecologico-carrefour-baby-bio-200-g/R-VC4AECOMM-432823/p
Bebe,Pañales Dodot Talla 4 (9-14 Kg) 88 uds,"19,57 €","0,22 €/ud",https://www.carrefour.es/supermercado/tarrito-de-arroz-con-pollo-y-verduritas-desde-6-meses-ecologico-carrefour-baby-bio-200-g/R-VC4AECOMM-432823/p
Bebe,Tarrito de verduritas con ternera desde 6 meses ecológico Carrefour Baby Bio 200 g,"0,93 €","4,65 €/kg",https://www.carrefour.es/supermercado/tarrito-de-melocoton-platano-y-pera-desde-6-meses-ecologico-carrefour-baby-bio-sin-gluten-200-g/R-VC4AECOMM-432802/p
Bebe,Tarrito de guisantes con jamón desde 6 meses ecológico Carrefour Baby Bio 200 g,"0,93 €","4,65 €/kg",https://www.carrefour.es/supermercado/tarrito-de-melocoton-platano-y-pera-desde-6-meses-ecologico-carrefour-baby-bio-sin-gluten-200-g/R-VC4AECOMM-432802/p
Bebe,Crema bálsamo 1 2 3 para irritaciones y rojeces Mustela 100 ml.,"7,60 €","7,60 €/100ml",https://www.carrefour.es/supermercado/crema-corporal-aceite-de-almendra-carrefour-baby-500-ml/R-VC4AECOMM-450126/p
Bebe,Complemento Alimenticio desde 12 meses sabor chocolate Pediasure 850gr,"22,20 €","26,12 €/kg",https://www.carrefour.es/supermercado/crema-corporal-aceite-de-almendra-carrefour-baby-500-ml/R-VC4AECOMM-450126/p
Bebe,Tarrito de pollo con arroz desde 6 meses Nutribén 235 g.,"1,21 €","5,15 €/kg",https://www.carrefour.es/supermercado/tarrito-de-pollo-con-arroz-desde-6-meses-nutriben-235-g-nutriben/R-fprod1250159/p
Bebe,Pañales Dodot sensitive extra Talla 6 (+14 kg) 44 ud.,"22,45 €","0,51 €/ud",https://www.carrefour.es/supermercado/tarrito-de-pollo-con-arroz-desde-6-meses-nutriben-235-g-nutriben/R-fprod1250159/p
Bebe,Tarrito de fruta con copos de avena ecológico Carrefour Baby Bio 200 g.,"1,31 €","6,55 €/kg",https://www.carrefour.es/supermercado/panales-dodot-sensitive-extra-talla-6-14-kg-44-ud-dodot-sensitive/R-prod1000464/p
Bebe,Tarrito de verduritas variadas desde 4 meses ecológico Carrefour Baby Bio 200 g,"0,93 €","4,65 €/kg",https://www.carrefour.es/supermercado/panales-dodot-sensitive-extra-talla-6-14-kg-44-ud-dodot-sensitive/R-prod1000464/p
Bebe,Papilla infantil desde 5 meses 8 cereales 600 g,"8,25 €","13,75 €/kg",https://www.carrefour.es/supermercado/tarrito-de-fruta-con-copos-de-avena-ecologico-carrefour-baby-bio-200-g/R-VC4AECOMM-432795/p
Bebe,Pañales Carrefour Baby soft&protect Talla 0 (1-3 kg) 24 ud.,"4,65 €","0,19 €/ud",https://www.carrefour.es/supermercado/tarrito-de-fruta-con-copos-de-avena-ecologico-carrefour-baby-bio-200-g/R-VC4AECOMM-432795/p
Bebe,Leche para lactantes desde el primer día en polvo Almirón Profutura 1 bote de 800 g.,"24,65 €","30,81 €/kg",https://www.carrefour.es/supermercado/tarrito-de-verduritas-variadas-desde-4-meses-ecologico-carrefour-baby-bio-200-g/R-VC4AECOMM-433074/p
Bebe,Papilla infantil desde 4 meses de cereales con arroz y maíz sin azúcares añadidos Nestlé sin gluten 330 g.,"3,00 €","9,09 €/kg",https://www.carrefour.es/supermercado/tarrito-de-verduritas-variadas-desde-4-meses-ecologico-carrefour-baby-bio-200-g/R-VC4AECOMM-433074/p
Bebe,Tarrito de verduritas con dorada desde 8 meses ecológico Carrefour Baby Bio sin gluten 200 g.,"1,37 €","6,85 €/kg",https://www.carrefour.es/supermercado/papilla-infantil-desde-5-meses-8-cereales-600-g/R-fprod1430042/p
Bebe,Leche infantil para lactantes desde el primer día Almirón Advance 1 800 g.,"20,50 €","25,62 €/kg",https://www.carrefour.es/supermercado/papilla-infantil-desde-5-meses-8-cereales-600-g/R-fprod1430042/p
Bebe,Leche infantil de crecimiento desde 1 año a base de proteína de soja Velactín sin lactosa 800 g.,"14,65 €","18,31 €/kg",https://www.carrefour.es/supermercado/panales-carrefour-baby-softprotect-talla-0-1-3-kg-24-ud-carrefour-baby/R-prod970316/p
Bebe,Papilla infantil desde 6 meses de 8 cereales integrales con galleta sin azúcar añadido Nestlé Nestum sin aceite de palma 650 g.,"6,80 €","10,46 €/kg",https://www.carrefour.es/supermercado/panales-carrefour-baby-softprotect-talla-0-1-3-kg-24-ud-carrefour-baby/R-prod970316/p
Bebe,Pañales Dodor Activity XXL Talla 3 (6-10 kg) 168 ud.,"45,99 €","0,27 €/ud",https://www.carrefour.es/supermercado/leche-para-lactantes-desde-el-primer-dia-en-polvo-almiron-profutura-1-bote-de-800-g-almiron/R-prod860708/p
Bebe,"Tarrito de manzana, plátano, pera y melocotón desde 4 meses ecológico Naturnes Nestlé 190 g.","1,99 €","10,47 €/kg",https://www.carrefour.es/supermercado/leche-para-lactantes-desde-el-primer-dia-en-polvo-almiron-profutura-1-bote-de-800-g-almiron/R-prod860708/p
Bebe,Tarrito multifrutas ecológico Carrefour Baby Bio 200 g.,"0,93 €","4,65 €/kg",https://www.carrefour.es/supermercado/papilla-infantil-desde-4-meses-de-cereales-con-arroz-y-maiz-sin-azucares-anadidos-nestle-sin-gluten-330-g/R-fprod1480133/p
Bebe,Tarrito de verduritas con pavo desde 6 meses ecológico Carrefour Baby Bio 200 g,"0,93 €","4,65 €/kg",https://www.carrefour.es/supermercado/papilla-infantil-desde-4-meses-de-cereales-con-arroz-y-maiz-sin-azucares-anadidos-nestle-sin-gluten-330-g/R-fprod1480133/p
Bebe,Infusión Infantil Blevit Digest 150 gr,"8,15 €","54,33 €/kg",https://www.carrefour.es/supermercado/tarrito-de-verduritas-con-dorada-desde-8-meses-ecologico-carrefour-baby-bio-sin-gluten-200-g/R-VC4AECOMM-432818/p
Bebe,Termómetro para el baño Suavinex 1 ud.,"5,30 €","5,30 €/ud",https://www.carrefour.es/supermercado/tarrito-de-verduritas-con-dorada-desde-8-meses-ecologico-carrefour-baby-bio-sin-gluten-200-g/R-VC4AECOMM-432818/p
Bebe,Leche infantil de crecimiento desde 1 año en polvo Blemil Plus Optimun 3 lata 800 g.,"20,35 €","25,44 €/kg",https://www.carrefour.es/supermercado/leche-infantil-para-lactantes-desde-el-primer-dia-almiron-advance-1-800-g-almiron/R-712703625/p
Bebe,Leche infantil de crecimiento desde 12 meses Nutribén Innova 800 g.,"15,65 €","19,56 €/kg",https://www.carrefour.es/supermercado/leche-infantil-para-lactantes-desde-el-primer-dia-almiron-advance-1-800-g-almiron/R-712703625/p
Bebe,Champú micelar ecológico Baby Corine de Farme 500 ml.,"5,50 €","1,10 €/100ml",https://www.carrefour.es/supermercado/leche-infantil-de-crecimiento-desde-1-ano-a-base-de-proteina-de-soja-velactin-sin-lactosa-800-g-sanutri/R-590511612/p
Bebe,Crema cambio pañal calma y prepara la piel del bebé Baby Natura 70 ml.,"2,60 €","3,71 €/100ml",https://www.carrefour.es/supermercado/leche-infantil-de-crecimiento-desde-1-ano-a-base-de-proteina-de-soja-velactin-sin-lactosa-800-g-sanutri/R-590511612/p
Bebe,Tarrito de verduritas con lubina desde 8 meses ecológico Carrefour Baby Bio sin gluten 200 g.,"1,37 €","6,85 €/kg",https://www.carrefour.es/supermercado/papilla-infantil-desde-6-meses-de-8-cereales-integrales-con-galleta-sin-azucar-anadido-nestle-nestum-sin-aceite-de-palma-650-g-nestle-nestum/R-prod670338/p
Bebe,Papilla infantil desde 5 meses 5 cereales Blevit plus Superfibra 600 g.,"7,70 €","12,83 €/kg",https://www.carrefour.es/supermercado/papilla-infantil-desde-6-meses-de-8-cereales-integrales-con-galleta-sin-azucar-anadido-nestle-nestum-sin-aceite-de-palma-650-g-nestle-nestum/R-prod670338/p
Bebe,Gel Dermo-Limpiador Mustela 500 ml,"9,99 €","2,00 €/100ml",https://www.carrefour.es/supermercado/gel-dermo-limpiador-mustela-500-ml-mustela/R-590507872/p
Bebe,Aceite aloe Johnson's Baby 100 ml.,"1,23 €","1,23 €/100ml",https://www.carrefour.es/supermercado/gel-dermo-limpiador-mustela-500-ml-mustela/R-590507872/p
Bebe,Aceite dulces sueños Johnson's Baby 300 ml.,"2,90 €","0,97 €/100ml",https://www.carrefour.es/supermercado/aceite-aloe-johnsons-baby-100-ml-johnsons-baby/R-546101964/p
Bebe,Agua perfumada bebé 0% alcohol Baby Natura 75 ml,"2,20 €","2,93 €/100ml",https://www.carrefour.es/supermercado/aceite-aloe-johnsons-baby-100-ml-johnsons-baby/R-546101964/p
Bebe,Papilla 8 Cereales con miel y fibra desde 6 meses Nutribén 600 gr,"4,45 €","7,42 €/kg",https://www.carrefour.es/supermercado/aceite-dulces-suenos-johnsons-baby-300-ml-johnsons-baby/R-prod1120285/p
Bebe,Leche infantil de crecimiento desde 12 meses en polvo Almirón Avance 3 lata 800 g.,"15,25 €","19,06 €/kg",https://www.carrefour.es/supermercado/aceite-dulces-suenos-johnsons-baby-300-ml-johnsons-baby/R-prod1120285/p
Bebe,Suero fisiológico para bebé hipoalérgico Corine de Farme 30 ud.,"4,80 €","0,16 €/ud",https://www.carrefour.es/supermercado/agua-perfumada-bebe-0-alcohol-baby-natura-75-ml/R-fprod1330021/p
Bebe,Mordedor refrigerante etapa 2 Suavinex 1 ud.,"4,20 €","4,20 €/ud",https://www.carrefour.es/supermercado/agua-perfumada-bebe-0-alcohol-baby-natura-75-ml/R-fprod1330021/p
Bebe,Papilla Infantil desde 12 meses 8 cereales Blevit 600 g.,"8,25 €","13,75 €/kg",https://www.carrefour.es/supermercado/papilla-8-cereales-con-miel-y-fibra-desde-6-meses-nutriben-600-gr-nutriben/R-590508566/p
Bebe,Leche infantil desde 12 meses Enfamil 3 Premium 800 gr,"17,50 €","21,87 €/kg",https://www.carrefour.es/supermercado/papilla-8-cereales-con-miel-y-fibra-desde-6-meses-nutriben-600-gr-nutriben/R-590508566/p
Bebe,Acondicionador spray Gotas de fuerza Johnson's 200 ml.,"3,15 €","1,57 €/100ml",https://www.carrefour.es/supermercado/leche-infantil-de-crecimiento-desde-12-meses-en-polvo-almiron-avance-3-lata-800-g-almiron/R-712703615/p
Bebe,Agua de limpieza micelar ecológica Corine de Farme Baby 500 ml.,"3,85 €","0,77 €/100ml",https://www.carrefour.es/supermercado/leche-infantil-de-crecimiento-desde-12-meses-en-polvo-almiron-avance-3-lata-800-g-almiron/R-712703615/p
Bebe,Bálsamo reparador nasal Letibalm Pediátrico 10 ml.,"5,85 €","58,50 €/100ml",https://www.carrefour.es/supermercado/suero-fisiologico-para-bebe-hipoalergico-corine-de-farme-30-ud-corine-de-farme/R-841300591/p
Bebe,Tijera infantil punta redondeada Suavinex 1 ud.,"5,35 €","5,35 €/ud",https://www.carrefour.es/supermercado/suero-fisiologico-para-bebe-hipoalergico-corine-de-farme-30-ud-corine-de-farme/R-841300591/p
Bebe,Pañales Carrefour Baby soft&protect Talla 2 (3-6 kg) 33 ud.,"5,15 €","0,16 €/ud",https://www.carrefour.es/supermercado/mordedor-refrigerante-etapa-2-suavinex-1-ud-suavinex/R-661402618/p
Bebe,Tarrito de manzana y plátano desde 4 meses ecológico Naturnes Nestlé 190 g.,"1,99 €","10,47 €/kg",https://www.carrefour.es/supermercado/mordedor-refrigerante-etapa-2-suavinex-1-ud-suavinex/R-661402618/p
Bebe,Tarrito de verduritas con pollo desde 6 meses ecológico Carrefour Baby Bio 200 g,"0,93 €","4,65 €/kg",https://www.carrefour.es/supermercado/papilla-infantil-desde-12-meses-8-cereales-blevit-600-g/R-fprod1420351/p
Bebe,Pants Pull-Ups niño Huggies T5 (12-17 kg) 34 ud.,"11,20 €","0,33 €/ud",https://www.carrefour.es/supermercado/papilla-infantil-desde-12-meses-8-cereales-blevit-600-g/R-fprod1420351/p
Bebe,Pants Pull-Ups niña Huggies T5 (13-18 kg) 34 ud.,"11,20 €","0,33 €/ud",https://www.carrefour.es/supermercado/leche-infantil-desde-12-meses-enfamil-3-premium-800-gr-enfamil/R-590511204/p
Bebe,Colonia infantil ecológica Natural Denenes 500 ml.,"4,25 €","0,85 €/100ml",https://www.carrefour.es/supermercado/leche-infantil-desde-12-meses-enfamil-3-premium-800-gr-enfamil/R-590511204/p
Bebe,Linimento Corine Farme Bio 500 ml,"6,70 €","1,34 €/100ml",https://www.carrefour.es/supermercado/acondicionador-spray-gotas-de-fuerza-johnsons-200-ml-johnsons/R-prod1120679/p
Bebe,Leche infantil de continuación desde 6 meses en polvo Almirón Avance 2 800 g.,"16,50 €","20,62 €/kg",https://www.carrefour.es/supermercado/acondicionador-spray-gotas-de-fuerza-johnsons-200-ml-johnsons/R-prod1120679/p
Bebe,"Preparado de plátano, naranja y galleta desde 6 meses Nesté sin gluten bolsita de 90 g.","1,00 €","11,11 €/kg",https://www.carrefour.es/supermercado/agua-de-limpieza-micelar-ecologica-corine-de-farme-baby-500-ml-corine-de-farme/R-fprod1190736/p
Bebe,Papilla infantil desde 5 meses de 8 cereales con miel Blevit plus 1000 g.,"11,55 €","11,55 €/kg",https://www.carrefour.es/supermercado/agua-de-limpieza-micelar-ecologica-corine-de-farme-baby-500-ml-corine-de-farme/R-fprod1190736/p
Bebe,Pack Toallitas Dermo-Suavizantes Mustela 70 uds,"6,80 €","0,10 €/ud",https://www.carrefour.es/supermercado/pack-toallitas-dermo-suavizantes-mustela-70-uds-mustela/R-625820315/p
Bebe,Leche infantil de continuación desde 6 meses Nutribén Pro 800 gr,"14,95 €","18,69 €/kg",https://www.carrefour.es/supermercado/pack-toallitas-dermo-suavizantes-mustela-70-uds-mustela/R-625820315/p
Bebe,"Papilla infantil desde 6 meses multicereales con frutos secos, miel y frutas Blevit plus 600 g.","7,70 €","12,83 €/kg",https://www.carrefour.es/supermercado/leche-infantil-de-continuacion-desde-6-meses-nutriben-pro-800-gr-nutriben/R-804324056/p
Bebe,Gel Dermo Limpiador Mustela 750 ml.,"11,75 €","1,57 €/100ml",https://www.carrefour.es/supermercado/leche-infantil-de-continuacion-desde-6-meses-nutriben-pro-800-gr-nutriben/R-804324056/p
Bebe,Crema solar facial antiedad SPF 50+ Sun Ultimate Les Cosmetiques 50 ml.,"5,00 €","10,00 €/100ml",https://www.carrefour.es/supermercado/papilla-infantil-desde-6-meses-multicereales-con-frutos-secos-miel-y-frutas-blevit-plus-600-g-blevit-plus/R-617101721/p
Bebe,Agua de colonia fragancia sueve y refrescante 750 ml.,"2,10 €","0,28 €/100ml",https://www.carrefour.es/supermercado/papilla-infantil-desde-6-meses-multicereales-con-frutos-secos-miel-y-frutas-blevit-plus-600-g-blevit-plus/R-617101721/p
Bebe,Gel de Baño Mustela Stelatopia 200ml,"9,80 €","4,90 €/100ml",https://www.carrefour.es/supermercado/gel-dermo-limpiador-mustela-750-ml-mustela/R-590504186/p
Bebe,Papilla Infantil Blevit Plus 8 Cereales 600 gr,"7,70 €","12,83 €/kg",https://www.carrefour.es/supermercado/gel-dermo-limpiador-mustela-750-ml-mustela/R-590504186/p
Bebe,Pouch de yogur y avena ecológico Smileat 100 g,"1,42 €","14,20 €/kg",https://www.carrefour.es/supermercado/crema-solar-facial-antiedad-spf-50-sun-ultimate-les-cosmetiques-50-ml/R-VC4AECOMM-476847/p
Bebe,Pañales ecológicos Carrefour Baby Talla 3 Mini (4-9 Kg) 30 ud.,"7,10 €","0,24 €/ud",https://www.carrefour.es/supermercado/crema-solar-facial-antiedad-spf-50-sun-ultimate-les-cosmetiques-50-ml/R-VC4AECOMM-476847/p
Bebe,Leche corporal de caléndula Weleda 200 ml.,"12,40 €","6,20 €/100ml",https://www.carrefour.es/supermercado/agua-de-colonia-fragancia-sueve-y-refrescante-750-ml/R-VC4AECOMM-548291/p
Bebe,Papilla infantil desde 5 meses de cereales sin azúcar añadido Blevit plus Superfibra sin gluten 600 g.,"7,70 €","12,83 €/kg",https://www.carrefour.es/supermercado/agua-de-colonia-fragancia-sueve-y-refrescante-750-ml/R-VC4AECOMM-548291/p
Bebe,Gel de baño Sin Lágrimas Natural Sensation Chicco 750 ml.,"9,40 €","1,25 €/100ml",https://www.carrefour.es/supermercado/gel-de-bano-mustela-stelatopia-200ml-mustela/R-prod71290/p
Bebe,Tetina de látex anticólico orificio grande Nuk 2 ud.,"5,65 €","2,82 €/ud",https://www.carrefour.es/supermercado/gel-de-bano-mustela-stelatopia-200ml-mustela/R-prod71290/p
Bebe,Cucharas infantiles baby spoons Suavinex 2 ud.,"3,60 €","1,80 €/ud",https://www.carrefour.es/supermercado/papilla-infantil-blevit-plus-8-cereales-600-gr-blevit-plus/R-613004446/p
Bebe,Discos de lactancia Suavinex 60 ud.,"9,20 €","0,15 €/ud",https://www.carrefour.es/supermercado/papilla-infantil-blevit-plus-8-cereales-600-gr-blevit-plus/R-613004446/p
Bebe,Jabón Líquido Recién Nacido Cuidado Completo Johnson's 500 ml,"3,10 €","0,62 €/100ml",https://www.carrefour.es/supermercado/pouch-de-yogur-y-avena-ecologico-smileat-100-g/R-VC4AECOMM-547309/p
Bebe,Chupete tetina de látex anatómico rosa 0-6 meses Suavinex 1 ud.,"3,80 €","3,80 €/ud",https://www.carrefour.es/supermercado/pouch-de-yogur-y-avena-ecologico-smileat-100-g/R-VC4AECOMM-547309/p
Bebe,Preparado de futas variadas desde 12 meses sin azúcar añadido Fruta&Go Nutribén sin gluten bolsita de 90 gr,"1,27 €","14,11 €/kg",https://www.carrefour.es/supermercado/panales-ecologicos-carrefour-baby-talla-3-mini-4-9-kg-30-ud-carrefour-baby/R-prod1040124/p
Bebe,Agua de colonia Gotas Fresca Baby Instituto Español 250 ml,"4,00 €","1,60 €/100ml",https://www.carrefour.es/supermercado/panales-ecologicos-carrefour-baby-talla-3-mini-4-9-kg-30-ud-carrefour-baby/R-prod1040124/p
Bebe,Papilla infantil desde 4 meses de arroz sin azúcar añadido Nestlé Nestum sin gluten y sin aceite de palma 250 g.,"2,95 €","11,80 €/kg",https://www.carrefour.es/supermercado/leche-corporal-de-calendula-weleda-200-ml-weleda/R-prod74266/p
Bebe,Leche en Polvo AR Nidina 800gr,"19,20 €","24,00 €/kg",https://www.carrefour.es/supermercado/leche-corporal-de-calendula-weleda-200-ml-weleda/R-prod74266/p
Bebe,Leche infantil desde el primer día en polvo Almirón Avance Digest 1 800 g.,"26,95 €","33,69 €/kg",https://www.carrefour.es/supermercado/papilla-infantil-desde-5-meses-de-cereales-sin-azucar-anadido-blevit-plus-superfibra-sin-gluten-600-g-blevit-plus-superfibra/R-625319165/p
Bebe,Champú recién nacido extra suave pieles sensible y atópicas Instituto Español 300 ml.,"5,45 €","1,82 €/100ml",https://www.carrefour.es/supermercado/papilla-infantil-desde-5-meses-de-cereales-sin-azucar-anadido-blevit-plus-superfibra-sin-gluten-600-g-blevit-plus-superfibra/R-625319165/p
Bebe,Papilla infantil desde 6 meses de 8 cereales integrales con miel sin azúcar añadido Nestlé Nestum sin aceite de palma 650 g.,"6,80 €","10,46 €/kg",https://www.carrefour.es/supermercado/papilla-infantil-desde-6-meses-de-8-cereales-integrales-con-miel-sin-azucar-anadido-nestle-nestum-sin-aceite-de-palma-650-g-nestle-nestum/R-prod670336/p
Bebe,Pack de Dos Tetinas para Líquidos más Espesos Philips Avent Classic+,"5,10 €","2,55 €/ud",https://www.carrefour.es/supermercado/papilla-infantil-desde-6-meses-de-8-cereales-integrales-con-miel-sin-azucar-anadido-nestle-nestum-sin-aceite-de-palma-650-g-nestle-nestum/R-prod670336/p
Bebe,Spray para el cuidado de fosas nasales Agua de Mar Senti2 100 ml.,"6,20 €","6,20 €/100ml",https://www.carrefour.es/supermercado/pack-de-dos-tetinas-para-liquidos-mas-espesos-philips-avent-classic-avent/R-687104305/p
Bebe,Preparado de manzana y fresa Gogosqueez bolsita de 90 g.,"0,76 €","8,44 €/kg",https://www.carrefour.es/supermercado/pack-de-dos-tetinas-para-liquidos-mas-espesos-philips-avent-classic-avent/R-687104305/p
Bebe,Discos de lactancia absorbentes Maternity 30 ud.,"4,60 €","0,15 €/ud",https://www.carrefour.es/supermercado/spray-para-el-cuidado-de-fosas-nasales-agua-de-mar-senti2-100-ml-senti2/R-836507183/p
Bebe,Complemento Alimenticio desde 12 meses sabor chocolate Pediasure 400 g.,"12,95 €","32,37 €/kg",https://www.carrefour.es/supermercado/spray-para-el-cuidado-de-fosas-nasales-agua-de-mar-senti2-100-ml-senti2/R-836507183/p
Bebe,Chupete tetina de látex anatómico azul 6-18 meses Suavinex 2 ud.,"6,60 €","3,30 €/ud",https://www.carrefour.es/supermercado/preparado-de-manzana-y-fresa-gogosqueez-bolsita-de-90-g-gogosqueez/R-prod240189/p
Bebe,Leche infantil de crecimiento en polvo Nan optipro 4 lata 800 gr,"13,05 €","16,31 €/kg",https://www.carrefour.es/supermercado/preparado-de-manzana-y-fresa-gogosqueez-bolsita-de-90-g-gogosqueez/R-prod240189/p
Bebe,Pants soft & eco-friendly ecológico My Carrefour Baby T4 (8-15 kg) 20 ud.,"6,10 €","0,30 €/ud",https://www.carrefour.es/supermercado/discos-de-lactancia-absorbentes-maternity-30-ud-maternity/R-590509808/p
Bebe,Leche infantil para lactantes anticólico Blemil Plus AC 800 g.,"25,10 €","31,37 €/kg",https://www.carrefour.es/supermercado/discos-de-lactancia-absorbentes-maternity-30-ud-maternity/R-590509808/p
Bebe,Chupete anatómico de látex 6-18 meses Nuk Disney 2 ud.,"5,25 €","2,62 €/ud",https://www.carrefour.es/supermercado/complemento-alimenticio-desde-12-meses-sabor-chocolate-pediasure-400-g-pediasure/R-736424787/p
Bebe,Bañador pañal desechable Huggies Little Swimmers T5 (12 kg-18 kg) 19 ud.,"9,50 €","0,50 €/ud",https://www.carrefour.es/supermercado/complemento-alimenticio-desde-12-meses-sabor-chocolate-pediasure-400-g-pediasure/R-736424787/p
Bebe,Papilla infantil desde 5 meses de 8 cereales y yogur sin azúcar añadido Blevit plus 600 g.,"8,90 €","14,83 €/kg",https://www.carrefour.es/supermercado/chupete-tetina-de-latex-anatomico-azul-6-18-meses-suavinex-2-ud-suavinex/R-590511898/p
Bebe,Leche Hero Baby Nutrasense Premium 1 800gr,"11,75 €","14,69 €/kg",https://www.carrefour.es/supermercado/chupete-tetina-de-latex-anatomico-azul-6-18-meses-suavinex-2-ud-suavinex/R-590511898/p
Bebe,Loción corporal hidratante Hydra Bebé Mustela 300 ml.,"9,18 €","3,06 €/100ml",https://www.carrefour.es/supermercado/leche-infantil-de-crecimiento-en-polvo-nan-optipro-4-lata-800-gr-nestle-nan/R-713315714/p
Bebe,Leche infantil para lactantes desde el primer día en polvo Blemil Plus Optimum 1 lata 800 g.,"25,95 €","32,44 €/kg",https://www.carrefour.es/supermercado/leche-infantil-de-crecimiento-en-polvo-nan-optipro-4-lata-800-gr-nestle-nan/R-713315714/p
Bebe,Preparado de fresa y plátano con yogur natural desde 12 meses Fruta&Go Nutriben bolsita de 90 gr,"1,27 €","14,11 €/kg",https://www.carrefour.es/supermercado/pants-soft-eco-friendly-ecologico-my-carrefour-baby-t4-8-15-kg-20-ud/R-VC4AECOMM-512789/p
Bebe,Tijeritas para bebé Nuk 1 ud.,"4,75 €","4,75 €/ud",https://www.carrefour.es/supermercado/pants-soft-eco-friendly-ecologico-my-carrefour-baby-t4-8-15-kg-20-ud/R-VC4AECOMM-512789/p
Bebe,"Preparado laxante con ciruela, tamarindo y kiwi Blevit L 150 g.","8,15 €","54,33 €/kg",https://www.carrefour.es/supermercado/leche-infantil-para-lactantes-anticolico-blemil-plus-ac-800-g-blemil-plus/R-764119313/p
Bebe,Toallitas húmedas refrescantes con aloe vera infaltiles Minions 15 ud.,"1,07 €","0,07 €/ud",https://www.carrefour.es/supermercado/leche-infantil-para-lactantes-anticolico-blemil-plus-ac-800-g-blemil-plus/R-764119313/p
Bebe,Crema facial hidratante FP 15 para bebés Nutraisdin 50 ml.,"9,75 €","65,00 €/100ml",https://www.carrefour.es/supermercado/chupete-anatomico-de-latex-6-18-meses-nuk-disney-2-ud-nuk/R-590501900/p
Bebe,Chupete de látex con tetina anatómica desde 12 meses Suavinex 2 ud.,"6,60 €","3,30 €/ud",https://www.carrefour.es/supermercado/chupete-anatomico-de-latex-6-18-meses-nuk-disney-2-ud-nuk/R-590501900/p
Bebe,Crema para proteger la zona del pañal Suavinex 75 ml.,"6,90 €","9,20 €/100ml",https://www.carrefour.es/supermercado/banador-panal-desechable-huggies-little-swimmers-t5-12-kg-18-kg-19-ud-huggies-little-swimmers/R-712515681/p
Bebe,"Preparado de manzana, plátano y avena desde 6 meses Nesté bolsita de 90 g.","1,00 €","11,11 €/kg",https://www.carrefour.es/supermercado/banador-panal-desechable-huggies-little-swimmers-t5-12-kg-18-kg-19-ud-huggies-little-swimmers/R-712515681/p
Bebe,Crema emoliente Stelatopia-Mustela 300 ml.,"17,90 €","5,97 €/100ml",https://www.carrefour.es/supermercado/crema-emoliente-stelatopia-mustela-300-ml-stelatopia-mustela/R-prod71289/p
Bebe,Crema protectora de rostro y cuerpo bio Corine de farme 100 ml,"4,15 €","4,15 €/100ml",https://www.carrefour.es/supermercado/crema-emoliente-stelatopia-mustela-300-ml-stelatopia-mustela/R-prod71289/p
Bebe,Leche infantil para lactantes desde el primer día Damira Natur 1 lata 800 g.,"21,00 €","2,62 €/100g",https://www.carrefour.es/supermercado/crema-protectora-de-rostro-y-cuerpo-bio-corine-de-farme-100-ml-corine-de-farme/R-fprod1190764/p
Bebe,Toallitas para bebé en caja Dodot Sensitive 54 ud.,"5,10 €","0,09 €/ud",https://www.carrefour.es/supermercado/crema-protectora-de-rostro-y-cuerpo-bio-corine-de-farme-100-ml-corine-de-farme/R-fprod1190764/p
Bebe,Leche infantil para lactantes desde el primer día Nutriben Natal lata 800 g.,"19,20 €","24,00 €/kg",https://www.carrefour.es/supermercado/leche-infantil-para-lactantes-desde-el-primer-dia-damira-natur-1-lata-800-g/R-fprod1380200/p
Bebe,Leche infantil desde los 6 meses en polvo Almirón Advance Digest 2 800 g.,"24,55 €","30,69 €/kg",https://www.carrefour.es/supermercado/leche-infantil-para-lactantes-desde-el-primer-dia-damira-natur-1-lata-800-g/R-fprod1380200/p
Bebe,Pañales Premium Carrefour Baby Ultra Protect Talla 4 (7-18 kg) 84 ud.,"17,55 €","0,21 €/ud",https://www.carrefour.es/supermercado/toallitas-para-bebe-en-caja-dodot-sensitive-54-ud-dodot-sensitive/R-635101941/p
Bebe,Galletas infantiles desde 8-10 meses con miel ecológicas ecológicas Nestlé Naturnes sin gluten 150 g.,"3,10 €","20,67 €/kg",https://www.carrefour.es/supermercado/toallitas-para-bebe-en-caja-dodot-sensitive-54-ud-dodot-sensitive/R-635101941/p
Bebe,Protector de cama DryNites 7 ud.,"6,80 €","0,97 €/ud",https://www.carrefour.es/supermercado/leche-infantil-para-lactantes-desde-el-primer-dia-nutriben-natal-lata-800-g-nutriben/R-804324088/p
Bebe,Leche infantil para lactantes desde el primer día Enfamil Complete 800 g.,"22,80 €","28,50 €/kg",https://www.carrefour.es/supermercado/leche-infantil-para-lactantes-desde-el-primer-dia-nutriben-natal-lata-800-g-nutriben/R-804324088/p
Bebe,Papilla infantil desde 5 meses de 8 cereales integrales con miel Blevit plus Superfibra 600 g.,"7,70 €","12,83 €/kg",https://www.carrefour.es/supermercado/leche-infantil-desde-los-6-meses-en-polvo-almiron-advance-digest-2-800-g-almiron/R-713315942/p
Bebe,Leche Biológrica HiPP 2 600 gr,"15,70 €","26,17 €/kg",https://www.carrefour.es/supermercado/leche-infantil-desde-los-6-meses-en-polvo-almiron-advance-digest-2-800-g-almiron/R-713315942/p
Bebe,Leche infantil desde los 6 meses en polvo Almirón Advance AR 2 800 g.,"21,90 €","27,37 €/kg",https://www.carrefour.es/supermercado/panales-premium-carrefour-baby-ultra-protect-talla-4-7-18-kg-84-ud-carrefour-baby/R-prod980023/p
Bebe,Pasta al agua Eryplast 125 g.,"11,85 €","9,48 €/100g",https://www.carrefour.es/supermercado/panales-premium-carrefour-baby-ultra-protect-talla-4-7-18-kg-84-ud-carrefour-baby/R-prod980023/p
Bebe,Pañales Dodot Pro Sensitive recién nacido T0 -3 kg 38 ud.,"8,05 €","0,21 €/ud",https://www.carrefour.es/supermercado/galletas-infantiles-desde-8-10-meses-con-miel-ecologicas-ecologicas-nestle-naturnes-sin-gluten-150-g-nestle-naturnes/R-prod760347/p
Bebe,Papilla Infantil Blevit Plus Sin Gluten 600 gr,"7,70 €","12,83 €/kg",https://www.carrefour.es/supermercado/galletas-infantiles-desde-8-10-meses-con-miel-ecologicas-ecologicas-nestle-naturnes-sin-gluten-150-g-nestle-naturnes/R-prod760347/p
Bebe,Pañales Dodot Azul Talla 3 (6-10 kg) 96 uds,"19,57 €","0,20 €/ud",https://www.carrefour.es/supermercado/protector-de-cama-drynites-7-ud-drynites/R-529039444/p
Bebe,Leche infantil para lactantes en polvo Almirón Advance 1 800 g.,"25,25 €","31,56 €/kg",https://www.carrefour.es/supermercado/protector-de-cama-drynites-7-ud-drynites/R-529039444/p
Bebe,Pañales premium Carrefour Baby ultra protect Talla 5 (11-25 kg) 72 ud.,"17,55 €","0,24 €/ud",https://www.carrefour.es/supermercado/leche-infantil-para-lactantes-desde-el-primer-dia-enfamil-complete-800-g/R-fprod1410183/p
Bebe,Leche infantil para lactantes desde el primer día Nestlé Nan Optipro 1 brik 200 ml.,"2,09 €","10,45 €/l",https://www.carrefour.es/supermercado/leche-infantil-para-lactantes-desde-el-primer-dia-enfamil-complete-800-g/R-fprod1410183/p
Bebe,Papillas Nestum Expert Sinlac 250 gr,"3,70 €","14,80 €/kg",https://www.carrefour.es/supermercado/papilla-infantil-desde-5-meses-de-8-cereales-integrales-con-miel-blevit-plus-superfibra-600-g-blevit-plus-superfibra/R-618101742/p
Bebe,Pants Pull-Ups niña Huggies T4 (8-12 kg) 36 ud.,"11,20 €","0,31 €/ud",https://www.carrefour.es/supermercado/papilla-infantil-desde-5-meses-de-8-cereales-integrales-con-miel-blevit-plus-superfibra-600-g-blevit-plus-superfibra/R-618101742/p
Bebe,Leche infantil 5 cereales desde 12 meses Nestlé sin aceite de palma pack de 3 brik de 180 ml.,"2,10 €","3,89 €/l",https://www.carrefour.es/supermercado/leche-biologrica-hipp-2-600-gr-hipp/R-590204307/p
Bebe,"Mochila de paseo bebe azul Nenuco: Leche hidratante 200 ml, colonia 200 ml, champú extra suevo 200 ml y gel de baño 200 ml","11,60 €","11,60 €/ud",https://www.carrefour.es/supermercado/leche-biologrica-hipp-2-600-gr-hipp/R-590204307/p
Bebe,Crema cambio de pañal Corine de Farme 100 ml.,"3,90 €","3,90 €/100ml",https://www.carrefour.es/supermercado/crema-cambio-de-panal-corine-de-farme-100-ml-corine-de-farme/R-prod300444/p
Bebe,Leche emoliente hidratante para piel sensible y seca My Carrefour Baby 500 ml.,"3,95 €","0,79 €/100ml",https://www.carrefour.es/supermercado/crema-cambio-de-panal-corine-de-farme-100-ml-corine-de-farme/R-prod300444/p
Bebe,Tarrito de verduras selectas con pollo desde 6 meses Nutriben Potitos Innova 235 g.,"2,15 €","9,15 €/kg",https://www.carrefour.es/supermercado/leche-emoliente-hidratante-para-piel-sensible-y-seca-my-carrefour-baby-500-ml/R-VC4AECOMM-446649/p
Bebe,Papilla infantil desde 4 meses multicereales Damira sin gluten y sin lactosa 600 g.,"6,20 €","1,03 €/100g",https://www.carrefour.es/supermercado/leche-emoliente-hidratante-para-piel-sensible-y-seca-my-carrefour-baby-500-ml/R-VC4AECOMM-446649/p
Bebe,"Preparado de pera, plátano, naranja y galleta desde 6 meses Fruta & Go Nutriben bolsita de 90 gr","1,27 €","14,11 €/kg",https://www.carrefour.es/supermercado/tarrito-de-verduras-selectas-con-pollo-desde-6-meses-nutriben-potitos-innova-235-g/R-VC4AECOMM-430969/p
Bebe,Infusión instantánea para ayuda al descanso Almirón Digest 200 g.,"6,90 €","34,50 €/kg",https://www.carrefour.es/supermercado/tarrito-de-verduras-selectas-con-pollo-desde-6-meses-nutriben-potitos-innova-235-g/R-VC4AECOMM-430969/p
Bebe,Leche infantl antiregurgitación desde el primer día Blemil Plus 800 g.,"24,45 €","30,56 €/kg",https://www.carrefour.es/supermercado/papilla-infantil-desde-4-meses-multicereales-damira-sin-gluten-y-sin-lactosa-600-g-sanutri/R-590511138/p
Bebe,Tetina de flujo rápido desde 6 meses Avent 2 ud.,"5,10 €","2,55 €/ud",https://www.carrefour.es/supermercado/papilla-infantil-desde-4-meses-multicereales-damira-sin-gluten-y-sin-lactosa-600-g-sanutri/R-590511138/p
Bebe,Preparado de pera y plátano desde 4 meses ecológico Nestlé Naturnes sin gluten bolsita de 90 g.,"1,06 €","11,78 €/kg",https://www.carrefour.es/supermercado/preparado-de-pera-platano-naranja-y-galleta-desde-6-meses-fruta-go-nutriben-bolsita-de-90-gr-nutriben/R-prod550090/p
Bebe,Crema protectora Natusan 75 ml.,"6,80 €","9,07 €/100ml",https://www.carrefour.es/supermercado/preparado-de-pera-platano-naranja-y-galleta-desde-6-meses-fruta-go-nutriben-bolsita-de-90-gr-nutriben/R-prod550090/p
Bebe,Chupete de silicona desde 12 meses rosa Phisyio Soft Chicco 2 ud.,"6,50 €","3,25 €/ud",https://www.carrefour.es/supermercado/infusion-instantanea-para-ayuda-al-descanso-almiron-digest-200-g-almiron/R-590511066/p
Bebe,Bañador pañal desechable Huggies Little Swimmers T4 (7 kg-15 kg) 20 ud.,"9,50 €","0,47 €/ud",https://www.carrefour.es/supermercado/infusion-instantanea-para-ayuda-al-descanso-almiron-digest-200-g-almiron/R-590511066/p
Bebe,Cadenita sujeta chupetes Nuk 1 ud.,"4,90 €","4,90 €/ud",https://www.carrefour.es/supermercado/leche-infantl-antiregurgitacion-desde-el-primer-dia-blemil-plus-800-g-blemil-plus/R-818300725/p
Bebe,Preparado de manzana y plátano Gogosqueez bolsita de 90 g.,"0,76 €","8,44 €/kg",https://www.carrefour.es/supermercado/leche-infantl-antiregurgitacion-desde-el-primer-dia-blemil-plus-800-g-blemil-plus/R-818300725/p
Bebe,Tetina de látex anti-cólico flujo medio desde 6 meses Suavinex 2 ud.,"5,95 €","2,97 €/ud",https://www.carrefour.es/supermercado/tetina-de-flujo-rapido-desde-6-meses-avent-2-ud-avent/R-590508216/p
Bebe,Tetina de látex anti-cólico 3 posiciones desde 0 meses Suavinex 2 ud.,"5,95 €","2,97 €/ud",https://www.carrefour.es/supermercado/tetina-de-flujo-rapido-desde-6-meses-avent-2-ud-avent/R-590508216/p
Bebe,Papilla Infantil desde los 5 meses 5 cereales Blevit 250 g.,"5,70 €","22,80 €/kg",https://www.carrefour.es/supermercado/preparado-de-pera-y-platano-desde-4-meses-ecologico-nestle-naturnes-sin-gluten-bolsita-de-90-g-nestle-naturnes/R-prod760327/p
Bebe,Loción hidratante limpiadora desde el nacimiento Mustela 500 ml.,"12,40 €","2,48 €/100ml",https://www.carrefour.es/supermercado/preparado-de-pera-y-platano-desde-4-meses-ecologico-nestle-naturnes-sin-gluten-bolsita-de-90-g-nestle-naturnes/R-prod760327/p
Bebe,Agua de colonia fragancia suave y refrescante 250 ml.,"1,52 €","0,61 €/100ml",https://www.carrefour.es/supermercado/crema-protectora-natusan-75-ml-natusan/R-852100370/p
Bebe,Leche Biológica 1 de Inicio HiPP +4Meses 600gr,"14,40 €","24,00 €/kg",https://www.carrefour.es/supermercado/crema-protectora-natusan-75-ml-natusan/R-852100370/p
Bebe,Complemento Alimenticio desde 12 meses sabor fresa Pediasure 850 g.,"22,20 €","26,12 €/kg",https://www.carrefour.es/supermercado/chupete-de-silicona-desde-12-meses-rosa-phisyio-soft-chicco-2-ud-chicco/R-prod81266/p
Bebe,Complemento Alimenticio desde 12 meses sabor vainilla Pediasure 850gr,"22,20 €","26,12 €/kg",https://www.carrefour.es/supermercado/chupete-de-silicona-desde-12-meses-rosa-phisyio-soft-chicco-2-ud-chicco/R-prod81266/p
Bebe,Biberón con asas y boquilla antiderrame desde 6 meses Suavinex 150 ml.,"9,05 €","9,05 €/ud",https://www.carrefour.es/supermercado/banador-panal-desechable-huggies-little-swimmers-t4-7-kg-15-kg-20-ud-huggies-little-swimmers/R-657701775/p
Bebe,Pañales Dodot Pro Sensitive recién nacido T2 (4 kg-8 Kg.) 36 ud.,"8,95 €","0,25 €/ud",https://www.carrefour.es/supermercado/banador-panal-desechable-huggies-little-swimmers-t4-7-kg-15-kg-20-ud-huggies-little-swimmers/R-657701775/p
Bebe,Pañales Dodot Pro Sensitive recién nacidoT1 (2 kg-5 kg.) 38 ud.,"8,90 €","0,23 €/ud",https://www.carrefour.es/supermercado/panales-dodot-pro-sensitive-recien-nacidot1-2-kg-5-kg-38-ud-dodot-sensitive/R-fprod1430153/p
Bebe,Agua de colonia para bebé Eau my BB 500 ml.,"8,15 €","1,63 €/100ml",https://www.carrefour.es/supermercado/panales-dodot-pro-sensitive-recien-nacidot1-2-kg-5-kg-38-ud-dodot-sensitive/R-fprod1430153/p
Bebe,Papilla 5 Cereales desde 6 meses sin azúcar añadido Nutribén 600 gr.,"4,45 €","7,42 €/kg",https://www.carrefour.es/supermercado/agua-de-colonia-para-bebe-eau-my-bb-500-ml/R-VC4AECOMM-526224/p
Bebe,Crema antiestrías Suavinex 400 ml.,"20,50 €","5,12 €/100ml",https://www.carrefour.es/supermercado/agua-de-colonia-para-bebe-eau-my-bb-500-ml/R-VC4AECOMM-526224/p
Bebe,Crema para proteger la zona del pañal Leti AT4 75 g.,"8,50 €","11,33 €/100g",https://www.carrefour.es/supermercado/papilla-5-cereales-desde-6-meses-sin-azucar-anadido-nutriben-600-gr-nutriben/R-590508546/p
Bebe,Chupete tetina de látex fisiológica azul 2-4 meses Suavinex 1 ud.,"3,80 €","3,80 €/ud",https://www.carrefour.es/supermercado/papilla-5-cereales-desde-6-meses-sin-azucar-anadido-nutriben-600-gr-nutriben/R-590508546/p
Bebe,Infusión instantánea para aliviar gases Almirón Digest 200 g.,"6,90 €","34,50 €/kg",https://www.carrefour.es/supermercado/crema-antiestrias-suavinex-400-ml-suavinex/R-618801977/p
Bebe,Leche infantil de crecimiento desde 2 años en polvo Almirón Advance 4 800 g.,"14,20 €","17,75 €/kg",https://www.carrefour.es/supermercado/crema-antiestrias-suavinex-400-ml-suavinex/R-618801977/p
Bebe,Aspirador nasal Rihnomer Narhinel Confort 1 ud.,"12,95 €","12,95 €/ud",https://www.carrefour.es/supermercado/crema-para-proteger-la-zona-del-panal-leti-at4-75-g-leti-laboratorios/R-787575576/p
Bebe,Biberón de vidrio con tetina inclinada de silicona desde 0 meses Natural Feeling Chicco 250 ml.,"10,25 €","10,25 €/ud",https://www.carrefour.es/supermercado/crema-para-proteger-la-zona-del-panal-leti-at4-75-g-leti-laboratorios/R-787575576/p
Bebe,Leche infantil de inicio para lactantes Blemil Plus Forte 1 lata 800 g.,"20,45 €","25,56 €/kg",https://www.carrefour.es/supermercado/chupete-tetina-de-latex-fisiologica-azul-2-4-meses-suavinex-1-ud-suavinex/R-590511908/p
Bebe,Chupete de silicona fisiológico desde 4 meses Suavinex 1 ud.,"4,15 €","4,15 €/ud",https://www.carrefour.es/supermercado/chupete-tetina-de-latex-fisiologica-azul-2-4-meses-suavinex-1-ud-suavinex/R-590511908/p
Bebe,Tetina de látex flujo denso desde 4 meses Suavinex 2 ud.,"5,95 €","2,97 €/ud",https://www.carrefour.es/supermercado/infusion-instantanea-para-aliviar-gases-almiron-digest-200-g-almiron/R-590511064/p
Bebe,Aceite para el cuidado de la piel Bio-Oil 125 ml.,"16,65 €","13,32 €/100ml",https://www.carrefour.es/supermercado/infusion-instantanea-para-aliviar-gases-almiron-digest-200-g-almiron/R-590511064/p
Bebe,Complemento alimenticio de chocolate Pediasure Drink pack de 4 unidades de 200 ml.,"7,65 €","9,56 €/l",https://www.carrefour.es/supermercado/leche-infantil-de-crecimiento-desde-2-anos-en-polvo-almiron-advance-4-800-g-almiron/R-713315938/p
Bebe,Leche infantil de crecimiento desde 12 meses en polvo Hero Baby Nutrasense lata 2x800 g.,"16,35 €","10,22 €/kg",https://www.carrefour.es/supermercado/leche-infantil-de-crecimiento-desde-2-anos-en-polvo-almiron-advance-4-800-g-almiron/R-713315938/p
Bebe,"Bolsita de plátano, pera y naranja con avena ecológica Organix 100 g.","1,15 €","11,50 €/kg",https://www.carrefour.es/supermercado/aspirador-nasal-rihnomer-narhinel-confort-1-ud-rhinomer/R-590504090/p
Bebe,Exfoliante corporal de arroz y aceite de coco Body Natur 200 ml.,"5,25 €","2,62 €/100ml",https://www.carrefour.es/supermercado/aspirador-nasal-rihnomer-narhinel-confort-1-ud-rhinomer/R-590504090/p
Bebe,Pomada para proteger la zona del pañal Dermo H Halibut 45 g.,"5,90 €","13,11 €/100g",https://www.carrefour.es/supermercado/biberon-de-vidrio-con-tetina-inclinada-de-silicona-desde-0-meses-natural-feeling-chicco-250-ml-chicco/R-prod430091/p
Bebe,Leche infantil de crecimiento desde 12 meses Nutribén Pro+ 800 g.,"13,45 €","16,81 €/kg",https://www.carrefour.es/supermercado/biberon-de-vidrio-con-tetina-inclinada-de-silicona-desde-0-meses-natural-feeling-chicco-250-ml-chicco/R-prod430091/p
Bebe,Biberón con tetina anti-cólico 0-6 meses Nuk Disney 300 ml.,"8,05 €","8,05 €/ud",https://www.carrefour.es/supermercado/leche-infantil-de-inicio-para-lactantes-blemil-plus-forte-1-lata-800-g-blemil-plus/R-657701727/p
Bebe,Leche infantil de continuación desde 6 meses Nestlé Nan Optipro 2 brik 500 ml.,"2,30 €","4,60 €/l",https://www.carrefour.es/supermercado/leche-infantil-de-inicio-para-lactantes-blemil-plus-forte-1-lata-800-g-blemil-plus/R-657701727/p
Bebe,Pañales Bañador Carrefour Baby Talla 5 +12 kg 11 uds,"5,85 €","0,53 €/ud",https://www.carrefour.es/supermercado/chupete-de-silicona-fisiologico-desde-4-meses-suavinex-1-ud-suavinex/R-prod72945/p
Bebe,Bañador pañal desechable Huggies Little Swimmers T3 (3 kg-8 kg) 20 ud.,"9,50 €","0,47 €/ud",https://www.carrefour.es/supermercado/chupete-de-silicona-fisiologico-desde-4-meses-suavinex-1-ud-suavinex/R-prod72945/p
Bebe,"Mochila de paseo bebe rosa Nenuco: Leche hidratante 200 ml, colonia 200 ml, champú extra suevo 200 ml y gel de baño 200 ml","11,60 €","11,60 €/ud",https://www.carrefour.es/supermercado/mochila-de-paseo-bebe-rosa-nenuco-leche-hidratante-200-ml-colonia-200-ml-champu-extra-suevo-200-ml-y-gel-de-bano-200-ml-nenuco/R-521002536/p
Bebe,Pack de Dos Tetinas de Silicona con Corte en Y +9 Meses Dr. Brown’s,"5,60 €","2,80 €/ud",https://www.carrefour.es/supermercado/mochila-de-paseo-bebe-rosa-nenuco-leche-hidratante-200-ml-colonia-200-ml-champu-extra-suevo-200-ml-y-gel-de-bano-200-ml-nenuco/R-521002536/p
Bebe,Tetina de látex anticólico orificio medio Nuk 2 ud.,"5,65 €","2,82 €/ud",https://www.carrefour.es/supermercado/pack-de-dos-tetinas-de-silicona-con-corte-en-y-9-meses-dr-browns-dr-browns/R-699308856/p
Bebe,Tetina de silicona flujo variable 3 posiciones desde 0 meses Suavinex 2 ud.,"6,20 €","3,10 €/ud",https://www.carrefour.es/supermercado/pack-de-dos-tetinas-de-silicona-con-corte-en-y-9-meses-dr-browns-dr-browns/R-699308856/p
Bebe,Crema corporal Natural Sensation Chicco 500 ml.,"9,75 €","1,95 €/100ml",https://www.carrefour.es/supermercado/tetina-de-latex-anticolico-orificio-medio-nuk-2-ud-nuk/R-590509356/p
Bebe,Biberón 240 ml de Boca Ancha Dr Brown,"10,25 €","10,25 €/ud",https://www.carrefour.es/supermercado/tetina-de-latex-anticolico-orificio-medio-nuk-2-ud-nuk/R-590509356/p
Bebe,Leche infantil para lactantes desde el primer día anticólico y antiestreñimiento Damira lata 800 g.,"21,00 €","2,62 €/100g",https://www.carrefour.es/supermercado/tetina-de-silicona-flujo-variable-3-posiciones-desde-0-meses-suavinex-2-ud-suavinex/R-819114944/p
Bebe,Tarrito de verduras con merluza desde 6 meses Be Plus 250 g.,"1,00 €","4,00 €/kg",https://www.carrefour.es/supermercado/tetina-de-silicona-flujo-variable-3-posiciones-desde-0-meses-suavinex-2-ud-suavinex/R-819114944/p
Bebe,Papilla Infantil Blevit Plus 8 Cereales Miel 600 gr,"7,70 €","12,83 €/kg",https://www.carrefour.es/supermercado/crema-corporal-natural-sensation-chicco-500-ml-chicco/R-prod69028/p
Bebe,Leche infantil de crecimiento desde 12 meses Almirón Profutura 3 bote de 800 g.,"19,70 €","2,46 €/100g",https://www.carrefour.es/supermercado/crema-corporal-natural-sensation-chicco-500-ml-chicco/R-prod69028/p
Bebe,Colonia para bebe fragancia original Nenuco 200 ml.,"5,85 €","2,92 €/100ml",https://www.carrefour.es/supermercado/biberon-240-ml-de-boca-ancha-dr-brown-dr-browns/R-prod221154/p
Bebe,Champú Sin Lágrimas Natural Sensation Chicco 500 ml.,"7,70 €","1,54 €/100ml",https://www.carrefour.es/supermercado/biberon-240-ml-de-boca-ancha-dr-brown-dr-browns/R-prod221154/p
Bebe,Tetina suave de flujo variable desde 3 meses Avent 2 ud.,"5,10 €","5,10 €/ud",https://www.carrefour.es/supermercado/leche-infantil-para-lactantes-desde-el-primer-dia-anticolico-y-antiestrenimiento-damira-lata-800-g-sanutri/R-613402253/p
Bebe,Chupete de látex anatómico 0-6 meses Nuk 2 ud.,"5,25 €","2,62 €/ud",https://www.carrefour.es/supermercado/leche-infantil-para-lactantes-desde-el-primer-dia-anticolico-y-antiestrenimiento-damira-lata-800-g-sanutri/R-613402253/p
Bebe,Biberón con tetina redonda de silicona 3 posiciones desde 0 meses Suavinex 270 ml.,"10,30 €","10,30 €/ud",https://www.carrefour.es/supermercado/tarrito-de-verduras-con-merluza-desde-6-meses-be-plus-250-g/R-VC4AECOMM-599235/p
Bebe,Biberón con tetina redonda de silicona 3 posiciones desde 0 meses Suavinex 150 ml. 1 ud.,"10,00 €","10,00 €/ud",https://www.carrefour.es/supermercado/tarrito-de-verduras-con-merluza-desde-6-meses-be-plus-250-g/R-VC4AECOMM-599235/p
Bebe,Broche pinza redondo Suavinex 1 ud.,"4,90 €","4,90 €/ud",https://www.carrefour.es/supermercado/papilla-infantil-blevit-plus-8-cereales-miel-600-gr-blevit-plus/R-617101719/p
Bebe,Pañales Dodot Sensitive T3 (6-10 Kg) 56 ud.,"18,95 €","0,34 €/ud",https://www.carrefour.es/supermercado/papilla-infantil-blevit-plus-8-cereales-miel-600-gr-blevit-plus/R-617101719/p
Bebe,Loción hidratante limpiadora desde el nacimiento Mustela 750 ml.,"13,55 €","1,81 €/100ml",https://www.carrefour.es/supermercado/leche-infantil-de-crecimiento-desde-12-meses-almiron-profutura-3-bote-de-800-g/R-VC4AECOMM-467192/p
Bebe,Aceite puro de rosa mosqueta Repavar Ferrer 15 ml.,"10,80 €","72,00 €/100ml",https://www.carrefour.es/supermercado/leche-infantil-de-crecimiento-desde-12-meses-almiron-profutura-3-bote-de-800-g/R-VC4AECOMM-467192/p
Bebe,Biberón con tentina de látex plujo papilla desde 4 meses Suavinex 360 ml.,"7,90 €","7,90 €/ud",https://www.carrefour.es/supermercado/colonia-para-bebe-fragancia-original-nenuco-200-ml-nenuco/R-521036836/p
Bebe,Tetina de látex flujo variable 3 posiciones desde 0 meses Suavinex 2 ud.,"5,95 €","2,97 €/ud",https://www.carrefour.es/supermercado/colonia-para-bebe-fragancia-original-nenuco-200-ml-nenuco/R-521036836/p
Bebe,Complemento alimenticio de vainilla en polvo Pediasure 400 g.,"12,95 €","32,37 €/kg",https://www.carrefour.es/supermercado/champu-sin-lagrimas-natural-sensation-chicco-500-ml-chicco/R-prod70906/p
Bebe,Acondicionador de coco para cabello normal ecológico Urtekram 180 ml.,"8,00 €","4,44 €/100ml",https://www.carrefour.es/supermercado/champu-sin-lagrimas-natural-sensation-chicco-500-ml-chicco/R-prod70906/p
Bebe,Biberón con tetina de látex anatómica flujo denso desde 6 meses Suavinex 360 ml.,"7,90 €","7,90 €/ud",https://www.carrefour.es/supermercado/biberon-con-tetina-de-latex-anatomica-flujo-denso-desde-6-meses-suavinex-360-ml-suavinex/R-574801610/p
Bebe,Leche Hero Baby Nutrasense 3 800 gr,"8,95 €","11,19 €/kg",https://www.carrefour.es/supermercado/biberon-con-tetina-de-latex-anatomica-flujo-denso-desde-6-meses-suavinex-360-ml-suavinex/R-574801610/p
Bebe,Leche infantil para lactantes desde el primer día en polvo Almirón Advance 1 400 g.,"11,30 €","28,25 €/kg",https://www.carrefour.es/supermercado/leche-hero-baby-nutrasense-3-800-gr-hero-baby/R-788499193/p
Bebe,Biberón con tetina anti-cólico 0-6 meses Nuk Disney 150 ml.,"7,15 €","7,15 €/ud",https://www.carrefour.es/supermercado/leche-hero-baby-nutrasense-3-800-gr-hero-baby/R-788499193/p
Bebe,Pañales Premium Carrefour Baby Ultra Protect Talla 3 (4-9 kg) 92 ud.,"17,55 €","0,19 €/ud",https://www.carrefour.es/supermercado/leche-infantil-para-lactantes-desde-el-primer-dia-en-polvo-almiron-advance-1-400-g-almiron/R-prod301563/p
Bebe,Crema protectora contra irritaciones Johnson's Baby 100 ml.,"3,25 €","3,25 €/100ml",https://www.carrefour.es/supermercado/leche-infantil-para-lactantes-desde-el-primer-dia-en-polvo-almiron-advance-1-400-g-almiron/R-prod301563/p
Bebe,Cadenita sujeta chupetes Disney Nuk 1 ud.,"4,90 €","4,90 €/ud",https://www.carrefour.es/supermercado/biberon-con-tetina-anti-colico-0-6-meses-nuk-disney-150-ml-nuk/R-590501894/p
Bebe,Leche infantil de continuación desde 6 meses Almirón Advance Prosyneo 2 800 g.,"22,00 €","27,50 €/kg",https://www.carrefour.es/supermercado/biberon-con-tetina-anti-colico-0-6-meses-nuk-disney-150-ml-nuk/R-590501894/p
Bebe,Agua de colonia bebe en spray Eau my BB 150 ml.,"8,15 €","5,43 €/100ml",https://www.carrefour.es/supermercado/panales-premium-carrefour-baby-ultra-protect-talla-3-4-9-kg-92-ud-carrefour-baby/R-prod980011/p
Bebe,Tetina de flujo medio desde 3 meses Avent 2 ud.,"5,10 €","2,55 €/ud",https://www.carrefour.es/supermercado/panales-premium-carrefour-baby-ultra-protect-talla-3-4-9-kg-92-ud-carrefour-baby/R-prod980011/p
Bebe,Pants Huggies Pull-Ups niño T4 (8-12 kg) 36 ud.,"11,20 €","0,31 €/ud",https://www.carrefour.es/supermercado/crema-protectora-contra-irritaciones-johnsons-baby-100-ml-johnsons-baby/R-521002520/p
Bebe,Chupete tetina de látex anatómica 6-18 meses Nuk 2 ud.,"5,25 €","2,62 €/ud",https://www.carrefour.es/supermercado/crema-protectora-contra-irritaciones-johnsons-baby-100-ml-johnsons-baby/R-521002520/p
Bebe,Biberón con tetina redonda de silicona flujo papilla desde 4 meses Suavinex 360 ml. 1 ud.,"11,25 €","11,25 €/ud",https://www.carrefour.es/supermercado/cadenita-sujeta-chupetes-disney-nuk-1-ud-nuk/R-590502654/p
Bebe,Tetina de silicona boca ancha desde 3 meses Dr. Brown´s 2 ud.,"5,60 €","2,80 €/ud",https://www.carrefour.es/supermercado/cadenita-sujeta-chupetes-disney-nuk-1-ud-nuk/R-590502654/p
Bebe,Pack de Dos Tetinas de Silicona Nivel 3 +6 meses Dr. Brown's,"5,60 €","2,80 €/ud",https://www.carrefour.es/supermercado/leche-infantil-de-continuacion-desde-6-meses-almiron-advance-prosyneo-2-800-g-almiron/R-prod860717/p
Bebe,Broche pinza ovalada para bebé Suavinex 1 ud.,"4,90 €","4,90 €/ud",https://www.carrefour.es/supermercado/leche-infantil-de-continuacion-desde-6-meses-almiron-advance-prosyneo-2-800-g-almiron/R-prod860717/p
Bebe,Chupete tetina de látex anatómico desde 12 meses Chicco 2 ud.,"4,65 €","4,65 €/ud",https://www.carrefour.es/supermercado/agua-de-colonia-bebe-en-spray-eau-my-bb-150-ml/R-VC4AECOMM-526209/p
Bebe,Biberón 240 ml de Boca Ancha Dr Brown,"10,25 €","10,25 €/ud",https://www.carrefour.es/supermercado/agua-de-colonia-bebe-en-spray-eau-my-bb-150-ml/R-VC4AECOMM-526209/p
Bebe,Biberón con tetina de látex 3 posiciones desde 0 meses Suavinex 270 ml.,"8,05 €","8,05 €/ud",https://www.carrefour.es/supermercado/tetina-de-flujo-medio-desde-3-meses-avent-2-ud-avent/R-590508214/p
Bebe,Complemento alimenticio de vainilla Pediasure Drink pack de 4 unidades de 200 ml.,"7,65 €","9,56 €/l",https://www.carrefour.es/supermercado/tetina-de-flujo-medio-desde-3-meses-avent-2-ud-avent/R-590508214/p
Bebe,Chupete anatómico de látex desde 12 meses Suavinex 2 ud.,"6,60 €","3,30 €/ud",https://www.carrefour.es/supermercado/pants-huggies-pull-ups-nino-t4-8-12-kg-36-ud/R-VC4AECOMM-555594/p
Bebe,Exfoliante corporal frutos rojos granada y fruta del dragón Body Natur 200 ml.,"5,25 €","2,62 €/100ml",https://www.carrefour.es/supermercado/pants-huggies-pull-ups-nino-t4-8-12-kg-36-ud/R-VC4AECOMM-555594/p
Bebe,Gel de ducha y champú para bebé Eau my BB 500 ml.,"8,15 €","1,63 €/100ml",https://www.carrefour.es/supermercado/chupete-tetina-de-latex-anatomica-6-18-meses-nuk-2-ud-nuk/R-627307032/p
Bebe,"Envase aséptico para orina, heces o esputos Enfa 1 ud.","0,60 €","0,60 €/ud",https://www.carrefour.es/supermercado/chupete-tetina-de-latex-anatomica-6-18-meses-nuk-2-ud-nuk/R-627307032/p
Bebe,Silicio sabor limón ecológico Sanon 500 ml.,"8,35 €","1,67 €/100ml",https://www.carrefour.es/supermercado/silicio-sabor-limon-ecologico-sanon-500-ml/R-VC4AECOMM-563621/p
Bebe,Leche infantil de crecimiento 3 desde 12 meses ecológica HiPP brik 500 g.,"11,75 €","23,50 €/kg",https://www.carrefour.es/supermercado/silicio-sabor-limon-ecologico-sanon-500-ml/R-VC4AECOMM-563621/p
Bebe,Leche infantil para lactantes con regurgitaciones Nan Expert AR lata 800 g.,"23,30 €","29,12 €/kg",https://www.carrefour.es/supermercado/leche-infantil-de-crecimiento-3-desde-12-meses-ecologica-hipp-brik-500-g-hipp/R-741800815/p
Bebe,Leche infantil para lactantes Nan Supreme 1 lata 800 g.,"22,90 €","28,62 €/kg",https://www.carrefour.es/supermercado/leche-infantil-de-crecimiento-3-desde-12-meses-ecologica-hipp-brik-500-g-hipp/R-741800815/p
Bebe,Leche infantil de inicio para lactantes Almirón Advance Prosyneo 1 800 g.,"24,45 €","30,56 €/kg",https://www.carrefour.es/supermercado/leche-infantil-para-lactantes-con-regurgitaciones-nan-expert-ar-lata-800-g-nestle-nan/R-661402590/p
Bebe,Sacaleches manual Chicco 1 ud.,"35,00 €","35,00 €/ud",https://www.carrefour.es/supermercado/leche-infantil-para-lactantes-con-regurgitaciones-nan-expert-ar-lata-800-g-nestle-nan/R-661402590/p
Bebe,Aceite Rosa Mosqueta Advance Repavar 15ml,"17,40 €","116,00 €/100ml",https://www.carrefour.es/supermercado/leche-infantil-para-lactantes-nan-supreme-1-lata-800-g-nestle-nan/R-prod310544/p
Bebe,Pañales Chelino Nature T2 (3-6 kg) bio 28 ud.,"6,20 €","0,22 €/ud",https://www.carrefour.es/supermercado/leche-infantil-para-lactantes-nan-supreme-1-lata-800-g-nestle-nan/R-prod310544/p
Bebe,Pañales Chelino Nature T4 (9-15 kg) bio 34 ud.,"8,20 €","0,24 €/ud",https://www.carrefour.es/supermercado/leche-infantil-de-inicio-para-lactantes-almiron-advance-prosyneo-1-800-g-almiron/R-prod860728/p
Bebe,Pañales Chelino Nature T3 (4-10 kg) bio 36 ud.,"8,20 €","0,23 €/ud",https://www.carrefour.es/supermercado/leche-infantil-de-inicio-para-lactantes-almiron-advance-prosyneo-1-800-g-almiron/R-prod860728/p
Bebe,Pañales Chelino Nature T1 (1-3 kg) bio 28 ud.,"8,75 €","0,31 €/ud",https://www.carrefour.es/supermercado/sacaleches-manual-chicco-1-ud-chicco/R-764905839/p
Bebe,Tetina flujo recién nacido Avent 2 ud.,"5,10 €","2,55 €/ud",https://www.carrefour.es/supermercado/sacaleches-manual-chicco-1-ud-chicco/R-764905839/p
Bebe,Tetina de flujo lento desde 1 mes Avent 2 ud.,"5,10 €","2,55 €/ud",https://www.carrefour.es/supermercado/aceite-rosa-mosqueta-advance-repavar-15ml-ferrer/R-prod71373/p
Bebe,Biberón con tetina de silicona anti-cólico desde 6 meses Chicco 330 ml.,"7,90 €","7,90 €/ud",https://www.carrefour.es/supermercado/aceite-rosa-mosqueta-advance-repavar-15ml-ferrer/R-prod71373/p
Bebe,Tetina redonda de silicona flujo papilla desde 4 meses Suavinex pack de 2 unidades.,"7,05 €","3,52 €/ud",https://www.carrefour.es/supermercado/panales-chelino-nature-t2-3-6-kg-bio-28-ud/R-VC4AECOMM-547189/p
Bebe,Biberón 120 ml de Boca Ancha Dr Brown,"10,25 €","10,25 €/ud",https://www.carrefour.es/supermercado/panales-chelino-nature-t2-3-6-kg-bio-28-ud/R-VC4AECOMM-547189/p
Bebe,Biberón 240 ml de Boca Ancha Dr Brown,"10,25 €","10,25 €/ud",https://www.carrefour.es/supermercado/panales-chelino-nature-t4-9-15-kg-bio-34-ud/R-VC4AECOMM-547195/p
Bebe,Set de baño inicio Natural Sensation Chicco 1 ud.,"15,95 €","35,44 €/kg",https://www.carrefour.es/supermercado/panales-chelino-nature-t4-9-15-kg-bio-34-ud/R-VC4AECOMM-547195/p
Bebe,Pañales Chelino T2 (3-6 kg) 28 ud.,"6,25 €","0,22 €/ud",https://www.carrefour.es/supermercado/panales-chelino-nature-t3-4-10-kg-bio-36-ud/R-VC4AECOMM-547196/p
Bebe,Tetina anti-cólico flujo medio 0-6 meses Nuk 2 ud.,"5,65 €","2,82 €/ud",https://www.carrefour.es/supermercado/panales-chelino-nature-t3-4-10-kg-bio-36-ud/R-VC4AECOMM-547196/p
Bebe,Papilla infantil desde 6 meses multicereales ecológico Almirón sin aceite de palma 200 g.,"4,05 €","20,25 €/kg",https://www.carrefour.es/supermercado/panales-chelino-nature-t1-1-3-kg-bio-28-ud/R-VC4AECOMM-547198/p
Bebe,Papilla infantil desde 6 meses multicereales con quinoa ecológico Almirón sin aceite de palma 200 g.,"4,05 €","20,25 €/kg",https://www.carrefour.es/supermercado/panales-chelino-nature-t1-1-3-kg-bio-28-ud/R-VC4AECOMM-547198/p
Bebe,Biberón con tetina inclinada de silicona desde 2 meses Natural Feeling Chicco 250 ml.,"8,70 €","8,70 €/ud",https://www.carrefour.es/supermercado/tetina-flujo-recien-nacido-avent-2-ud-avent/R-590508210/p
Bebe,Chupete tetina de silicona 0-4 meses premium Suavinex 1 ud.,"4,15 €","4,15 €/ud",https://www.carrefour.es/supermercado/tetina-flujo-recien-nacido-avent-2-ud-avent/R-590508210/p
Bebe,Gel-champú relajante Baby Care ecológico Elifexir 500 ml,"14,30 €","2,86 €/100ml",https://www.carrefour.es/supermercado/gel-champu-relajante-baby-care-ecologico-elifexir-500-ml-elifexir/R-prod81551/p
Bebe,Crema solar bebé SPF 50+ ecológica Acorelle 50 ml.,"18,80 €","37,60 €/100ml",https://www.carrefour.es/supermercado/gel-champu-relajante-baby-care-ecologico-elifexir-500-ml-elifexir/R-prod81551/p
Bebe,Recambios para aspirador nasal Rhinomer Narhinel Confort 10 ud.,"4,70 €","0,47 €/ud",https://www.carrefour.es/supermercado/crema-solar-bebe-spf-50-ecologica-acorelle-50-ml-acorelle/R-prod81567/p
Bebe,Biberón con tetina de látex anatómica flujo medio 0-6 meses Suavinex 270 ml.,"8,05 €","8,05 €/ud",https://www.carrefour.es/supermercado/crema-solar-bebe-spf-50-ecologica-acorelle-50-ml-acorelle/R-prod81567/p
Bebe,Leche infantil de crecimiento desde 1 año Damira natur 3 lata 800 g.,"16,40 €","2,05 €/100g",https://www.carrefour.es/supermercado/recambios-para-aspirador-nasal-rhinomer-narhinel-confort-10-ud-rhinomer/R-590504106/p
Bebe,Aceite para el cuidado de la piel Bio-Oil 60 ml.,"9,60 €","16,00 €/100ml",https://www.carrefour.es/supermercado/recambios-para-aspirador-nasal-rhinomer-narhinel-confort-10-ud-rhinomer/R-590504106/p
Bebe,Tetina flujo Silicona Chicco 2 ud.,"8,75 €","4,37 €/ud",https://www.carrefour.es/supermercado/biberon-con-tetina-de-latex-anatomica-flujo-medio-0-6-meses-suavinex-270-ml-suavinex/R-574801606/p
Bebe,Loción hidratante para bebé Eau my BB 500 ml.,"10,30 €","2,06 €/100ml",https://www.carrefour.es/supermercado/biberon-con-tetina-de-latex-anatomica-flujo-medio-0-6-meses-suavinex-270-ml-suavinex/R-574801606/p
Bebe,Toallitas para bebé con aloe vera Carrefour pack de 3 paquetes de 80 ud.,"2,85 €","0,01 €/ud",https://www.carrefour.es/supermercado/leche-infantil-de-crecimiento-desde-1-ano-damira-natur-3-lata-800-g/R-fprod1380197/p
Bebe,"Tarrito de pollo,ternera y verdura desde 6 meses Hero Baby pack de 6 unidades de 235 g.","5,85 €","4,15 €/kg",https://www.carrefour.es/supermercado/leche-infantil-de-crecimiento-desde-1-ano-damira-natur-3-lata-800-g/R-fprod1380197/p
Bebe,Pañales Dodot Activity Extra Tecnología Canal Talla 5 (12-17 kg) 48 uds,"22,45 €","0,47 €/ud",https://www.carrefour.es/supermercado/aceite-para-el-cuidado-de-la-piel-bio-oil-60-ml-bio-oil/R-699408484/p
Bebe,Tarrito Pollo Arroz Hero Bay 6x235 gr,"5,85 €","4,15 €/kg",https://www.carrefour.es/supermercado/aceite-para-el-cuidado-de-la-piel-bio-oil-60-ml-bio-oil/R-699408484/p
Bebe,Tarrito Arroz Merluza Hero Baby 6x235 gr,"5,85 €","4,15 €/kg",https://www.carrefour.es/supermercado/tetina-flujo-silicona-chicco-2-ud/R-VC4AECOMM-478329/p
Bebe,Tarrito de crema de calabacín con Jamón y Quesito desde 6 meses Hero Baby Cocina Mediterránea pack de 2 unidades de 190 g.,"2,09 €","5,50 €/kg",https://www.carrefour.es/supermercado/tetina-flujo-silicona-chicco-2-ud/R-VC4AECOMM-478329/p
Bebe,Tarrito de pera y manzana desde 4 meses ecológico Hero Baby Solo 120 g.,"1,00 €","8,33 €/kg",https://www.carrefour.es/supermercado/locion-hidratante-para-bebe-eau-my-bb-500-ml/R-VC4AECOMM-526221/p
Bebe,Protector absorbente Sabanindas Extra 60x90cm 20 ud.,"9,80 €","0,49 €/ud",https://www.carrefour.es/supermercado/locion-hidratante-para-bebe-eau-my-bb-500-ml/R-VC4AECOMM-526221/p
Bebe,Tarritos Buenas Noches Verdura con Pescadilla a la Crema Hero Baby 6x190 grs,"5,52 €","4,60 €/kg",https://www.carrefour.es/supermercado/toallitas-para-bebe-con-aloe-vera-carrefour-pack-de-3-paquetes-de-80-ud-carrefour/R-prod1170077/p
Bebe,Tarrito de guiso de alubias desde 8 meses ecológico Smileat sin gluten 230 g.,"2,09 €","9,09 €/kg",https://www.carrefour.es/supermercado/toallitas-para-bebe-con-aloe-vera-carrefour-pack-de-3-paquetes-de-80-ud-carrefour/R-prod1170077/p
Bebe,Tarrito de pollo con arroz desde 6 meses Hero Baby 235 g.,"0,99 €","4,21 €/kg",https://www.carrefour.es/supermercado/tarrito-de-pollo-ternera-y-verdura-desde-6-meses-hero-baby-pack-de-6-unidades-de-235-g-hero-baby/R-551303009/p
Bebe,Gel-Champú ecológico Denenes Naturals 400 ml.,"4,20 €","1,05 €/100ml",https://www.carrefour.es/supermercado/tarrito-de-pollo-ternera-y-verdura-desde-6-meses-hero-baby-pack-de-6-unidades-de-235-g-hero-baby/R-551303009/p
Bebe,Gel de Baño con Caléndula Corine de Farme 750 ml,"3,10 €","0,41 €/100ml",https://www.carrefour.es/supermercado/panales-dodot-activity-extra-tecnologia-canal-talla-5-12-17-kg-48-uds-dodot-activity-extra/R-829518873/p
Bebe,Pants My Carrefour Baby T5 (12-18 kg.) 40 ud.,"11,70 €","0,29 €/ud",https://www.carrefour.es/supermercado/panales-dodot-activity-extra-tecnologia-canal-talla-5-12-17-kg-48-uds-dodot-activity-extra/R-829518873/p
Bebe,Toallitas húmedas Chicco pack 2 unidades de 72 Ud.,"4,05 €","0,03 €/ud",https://www.carrefour.es/supermercado/tarrito-pollo-arroz-hero-bay-6x235-gr-hero-baby/R-521033167/p
Bebe,Leche Hero Baby Nutrasense Premium 2 800gr,"10,25 €","12,81 €/kg",https://www.carrefour.es/supermercado/tarrito-pollo-arroz-hero-bay-6x235-gr-hero-baby/R-521033167/p
Limpieza Y Hogar,Set de 36 Pinzas de madera para la ropa TARRES 7cm x 16cm x 5cm - Madera,"1,99 €","0,06 €/ud",https://www.carrefour.es/supermercado/set-de-36-pinzas-de-madera-para-la-ropa-tarres-7cm-x-16cm-x-5cm-madera-mondex/R-prod280840/p
Limpieza Y Hogar,Set de Servilletas 1 capa de Celulosa RENOVA 200 200pz - Blancas,"0,92 €","0,92 €/ud",https://www.carrefour.es/supermercado/set-de-36-pinzas-de-madera-para-la-ropa-tarres-7cm-x-16cm-x-5cm-madera-mondex/R-prod280840/p
Limpieza Y Hogar,Papel de cocina resistente Maxi Roll Carrefour 1 rollo.,"2,50 €","2,50 €/ud",https://www.carrefour.es/supermercado/set-de-servilletas-1-capa-de-celulosa-renova-200-200pz-blancas-renova/R-650901910/p
Limpieza Y Hogar,Papel higiénico confort suave Carrefour 12 rollos.,"2,05 €","0,17 €/ud",https://www.carrefour.es/supermercado/set-de-servilletas-1-capa-de-celulosa-renova-200-200pz-blancas-renova/R-650901910/p
Limpieza Y Hogar,Papel de cocina Carrefour 4 rollos.,"1,70 €","0,42 €/ud",https://www.carrefour.es/supermercado/papel-de-cocina-resistente-maxi-roll-carrefour-1-rollo-carrefour/R-prod590603/p
Limpieza Y Hogar,Detergente líquido jabón de marsella y flor de naranjo Carrefour 75 lavados.,"5,15 €","0,07 €/lavado",https://www.carrefour.es/supermercado/papel-de-cocina-resistente-maxi-roll-carrefour-1-rollo-carrefour/R-prod590603/p
Limpieza Y Hogar,Papel de cocina doble capa 4 ud.,"1,06 €","0,26 €/ud",https://www.carrefour.es/supermercado/papel-higienico-confort-suave-carrefour-12-rollos-carrefour/R-816215725/p
Limpieza Y Hogar,Detergente líquido con jabón de Marsella y flor de naranjo Carrefour 40 lavados.,"2,75 €","0,07 €/lavado",https://www.carrefour.es/supermercado/papel-higienico-confort-suave-carrefour-12-rollos-carrefour/R-816215725/p
Limpieza Y Hogar,Bolsas de Basura CARREFOUR Lavanda de 30l 20 ud - Lila,"1,40 €","0,07 €/ud",https://www.carrefour.es/supermercado/papel-de-cocina-carrefour-4-rollos-carrefour/R-829731740/p
Limpieza Y Hogar,Papel higiénico Original Scottex 40 rollos.,"10,35 €","0,26 €/ud",https://www.carrefour.es/supermercado/papel-de-cocina-carrefour-4-rollos-carrefour/R-829731740/p
Limpieza Y Hogar,Lejía con detergente limón Especial Cocinas Carrefour 2 l.,"0,99 €","0,49 €/l",https://www.carrefour.es/supermercado/detergente-liquido-jabon-de-marsella-y-flor-de-naranjo-carrefour-75-lavados/R-VC4AECOMM-496272/p
Limpieza Y Hogar,30 Bolsas Basura CARREFOUR Papelera 10 Litros - Blanco,"0,99 €","0,03 €/ud",https://www.carrefour.es/supermercado/detergente-liquido-jabon-de-marsella-y-flor-de-naranjo-carrefour-75-lavados/R-VC4AECOMM-496272/p
Limpieza Y Hogar,"Limpiahogar con Oxígeno Activo Sanytol 1,2 L","2,75 €","2,29 €/l",https://www.carrefour.es/supermercado/papel-de-cocina-doble-capa-4-ud-carrefour/R-prod460754/p
Limpieza Y Hogar,Papel de horno en hojas Carrefour 20 ud.,"1,25 €","1,25 €/ud",https://www.carrefour.es/supermercado/papel-de-cocina-doble-capa-4-ud-carrefour/R-prod460754/p
Limpieza Y Hogar,Servilletas 2 capas de Celulosa CARREFOUR HOME 100 ud - Blanco,"1,10 €","1,10 €/ud",https://www.carrefour.es/supermercado/detergente-liquido-con-jabon-de-marsella-y-flor-de-naranjo-carrefour-40-lavados-carrefour/R-prod620138/p
Limpieza Y Hogar,Papel de aluminio Carrefour 30 metros.,"1,45 €","0,05 €/m",https://www.carrefour.es/supermercado/detergente-liquido-con-jabon-de-marsella-y-flor-de-naranjo-carrefour-40-lavados-carrefour/R-prod620138/p
Limpieza Y Hogar,Detergente líquido Actilift Ariel 50 lavados.,"13,95 €","0,28 €/lavado",https://www.carrefour.es/supermercado/bolsas-de-basura-carrefour-lavanda-de-30l-20-ud-lila/R-VC4AECOMM-448062/p
Limpieza Y Hogar,Pañuelo mini Carrefour 15 ud.,"0,99 €","0,07 €/ud",https://www.carrefour.es/supermercado/bolsas-de-basura-carrefour-lavanda-de-30l-20-ud-lila/R-VC4AECOMM-448062/p
Limpieza Y Hogar,Lejía perfumada con detergente Frescor Marino Carrefour 5 l.,"1,72 €","0,34 €/l",https://www.carrefour.es/supermercado/papel-higienico-original-scottex-40-rollos-scottex/R-767508498/p
Limpieza Y Hogar,Papel higiénico compact doble rollo Carrefour 32 rollos.,"9,85 €","0,31 €/ud",https://www.carrefour.es/supermercado/papel-higienico-original-scottex-40-rollos-scottex/R-767508498/p
Limpieza Y Hogar,"Amoniaco perfumado Carrefour 1,5 l.","0,59 €","0,39 €/l",https://www.carrefour.es/supermercado/HuchaPromocion?promoId=huchaDisc420117
Limpieza Y Hogar,Limpiador con lejía y detergente perfume eucalipto Carrefour 2 l.,"0,76 €","0,38 €/l",https://www.carrefour.es/supermercado/lejia-con-detergente-limon-especial-cocinas-carrefour-2-l-carrefour/R-798285180/p
Limpieza Y Hogar,3 Estropajos salvauñas Carrefour - Verde,"0,75 €","0,25 €/ud",https://www.carrefour.es/supermercado/lejia-con-detergente-limon-especial-cocinas-carrefour-2-l-carrefour/R-798285180/p
Limpieza Y Hogar,Servilletas 2 capas de Celulosa CARREFOUR HOME 200 ud - Blanco,"1,99 €","1,99 €/ud",https://www.carrefour.es/supermercado/30-bolsas-basura-carrefour-papelera-10-litros-blanco-carrefour/R-prod280389/p
Limpieza Y Hogar,Papel higiénico compact doble rollo Carrefour 24 rollos.,"7,31 €","0,30 €/ud",https://www.carrefour.es/supermercado/papel-higienico-compact-doble-rollo-carrefour-24-rollos-carrefour/R-521001161/p
Limpieza Y Hogar,Lavavajillas a mano power clean Carrefour 1 l.,"1,39 €","1,39 €/l",https://www.carrefour.es/supermercado/papel-higienico-compact-doble-rollo-carrefour-24-rollos-carrefour/R-521001161/p
Limpieza Y Hogar,Film transparente con sierra de corte Carrefour 60 metros.,"0,78 €","0,01 €/m",https://www.carrefour.es/supermercado/lavavajillas-a-mano-power-clean-carrefour-1-l-carrefour/R-864105609/p
Limpieza Y Hogar,Tissues classic 3 capas Carrefour 110 ud.,"1,13 €","0,01 €/ud",https://www.carrefour.es/supermercado/lavavajillas-a-mano-power-clean-carrefour-1-l-carrefour/R-864105609/p
Limpieza Y Hogar,Bolsas de congelación medianas Carrefour 75 ud.,"1,50 €","0,02 €/ud",https://www.carrefour.es/supermercado/film-transparente-con-sierra-de-corte-carrefour-60-metros-carrefour/R-prod392791/p
Limpieza Y Hogar,"Desinfectante textil líquido Sanytol 1,2 l.","4,05 €","4,25 €/l",https://www.carrefour.es/supermercado/film-transparente-con-sierra-de-corte-carrefour-60-metros-carrefour/R-prod392791/p
Limpieza Y Hogar,Papel higiénico 3 capas Carrefour 12 rollos.,"0,65 €","0,34 €/ud",https://www.carrefour.es/supermercado/tissues-classic-3-capas-carrefour-110-ud-carrefour/R-521015345/p
Limpieza Y Hogar,"Fregasuelos pino Carrefour 1,5 l.","1,31 €","0,43 €/l",https://www.carrefour.es/supermercado/tissues-classic-3-capas-carrefour-110-ud-carrefour/R-521015345/p
Limpieza Y Hogar,Papel higiénico Take It Easy Renova 12 rollos.,"1,75 €","0,11 €/ud",https://www.carrefour.es/supermercado/bolsas-de-congelacion-medianas-carrefour-75-ud-carrefour/R-prod270545/p
Limpieza Y Hogar,Suavizante concentrado spa Carrefour 80 lavados.,"2,49 €","0,02 €/lavado",https://www.carrefour.es/supermercado/bolsas-de-congelacion-medianas-carrefour-75-ud-carrefour/R-prod270545/p
Limpieza Y Hogar,Limpiador Baños Sanytol Pistola 750 ml,"3,15 €","3,32 €/l",https://www.carrefour.es/supermercado/desinfectante-textil-liquido-sanytol-1-2-l-sanytol/R-prod340217/p
Limpieza Y Hogar,Lavavajillas a mano Fairy Ultra Poder 650 ml.,"1,65 €","4,85 €/l",https://www.carrefour.es/supermercado/desinfectante-textil-liquido-sanytol-1-2-l-sanytol/R-prod340217/p
Limpieza Y Hogar,15 Bolsas Basura CARREFOUR cubo Grande 50 Litros - Blanca,"2,65 €","0,11 €/ud",https://www.carrefour.es/supermercado/promocion?promoId=promof2530001
Limpieza Y Hogar,Papel higiénico Confort Fresh Carrefour 12 rollos.,"12,90 €","0,22 €/ud",https://www.carrefour.es/supermercado/papel-higienico-3-capas-carrefour-12-rollos-carrefour/R-521013712/p
Limpieza Y Hogar,"LIMPIAH.D LIMPIO BA?O 1,5L","2,32 €","1,50 €/l",https://www.carrefour.es/supermercado/papel-higienico-3-capas-carrefour-12-rollos-carrefour/R-521013712/p
Limpieza Y Hogar,Papel higiénico Scottex 48 rollos.,"0,99 €","0,27 €/ud",https://www.carrefour.es/supermercado/fregasuelos-pino-carrefour-1-5-l-carrefour/R-prod1120728/p
Limpieza Y Hogar,Papel de aluminio Carrefour 50 metros.,"2,69 €","0,05 €/m",https://www.carrefour.es/supermercado/fregasuelos-pino-carrefour-1-5-l-carrefour/R-prod1120728/p
Limpieza Y Hogar,Gel wc eucalipto Carrefour 1 l.,"2,40 €","0,99 €/l",https://www.carrefour.es/supermercado/papel-higienico-take-it-easy-renova-12-rollos-renova/R-730814008/p
Limpieza Y Hogar,Quitagrasas KH-7 750 ml,"12,90 €","3,59 €/l",https://www.carrefour.es/supermercado/papel-higienico-take-it-easy-renova-12-rollos-renova/R-730814008/p
Limpieza Y Hogar,Suavizante concentrado frescor cielo azul Vernel 76 lavados.,"1,65 €","0,04 €/lavado",https://www.carrefour.es/supermercado/suavizante-concentrado-spa-carrefour-80-lavados-carrefour/R-prod1110066/p
Limpieza Y Hogar,Papel higienico suave y grueso supreme confort Deco Carrefour 8 rollos,"1,49 €","0,30 €/ud",https://www.carrefour.es/supermercado/suavizante-concentrado-spa-carrefour-80-lavados-carrefour/R-prod1110066/p
Limpieza Y Hogar,Suavizante concentrado azul vital Mimosín 78 lavados.,"2,80 €","0,05 €/lavado",https://www.carrefour.es/supermercado/suavizante-concentrado-azul-vital-mimosin-78-lavados-mimosin/R-prod250203/p
Limpieza Y Hogar,Lavavajillas a mano aroma aloe vera y pepino Fairy 650 ml.,"0,99 €","4,31 €/l",https://www.carrefour.es/supermercado/suavizante-concentrado-azul-vital-mimosin-78-lavados-mimosin/R-prod250203/p
Limpieza Y Hogar,Gel WC azul desincrustante Carrefour 1 l.,"5,65 €","0,99 €/l",https://www.carrefour.es/supermercado/promocion?promoId=promof2550043
Limpieza Y Hogar,Papel de cocina Jumbo Scottex 1 rollo.,"1,75 €","2,70 €/ud",https://www.carrefour.es/supermercado/lavavajillas-a-mano-aroma-aloe-vera-y-pepino-fairy-650-ml-fairy/R-prod370572/p
Limpieza Y Hogar,Papel de cocina para todo Colhogar 4 rollos.,"1,60 €","1,41 €/ud",https://www.carrefour.es/supermercado/lavavajillas-a-mano-aroma-aloe-vera-y-pepino-fairy-650-ml-fairy/R-prod370572/p
Limpieza Y Hogar,Suavizante concentrado peonía y granada Carrefour 80 lavados.,"1,19 €","0,02 €/lavado",https://www.carrefour.es/supermercado/gel-wc-azul-desincrustante-carrefour-1-l-carrefour/R-579901491/p
Limpieza Y Hogar,Abrillantador lavavajillas triple action Carrefour 1 l.,"2,65 €","1,60 €/l",https://www.carrefour.es/supermercado/gel-wc-azul-desincrustante-carrefour-1-l-carrefour/R-579901491/p
Limpieza Y Hogar,Film transparente Carrefour 100 metros.,"6,40 €","0,02 €/m",https://www.carrefour.es/supermercado/papel-de-cocina-jumbo-scottex-1-rollo-scottex/R-521028558/p
Limpieza Y Hogar,Papel higiénico húmedo Fresh Jumbo Scottex 74 ud.,"2,95 €","0,04 €/ud",https://www.carrefour.es/supermercado/papel-de-cocina-jumbo-scottex-1-rollo-scottex/R-521028558/p
Limpieza Y Hogar,Lavavajillas máquina classic en pastillas Finish 57 ud.,"4,30 €","0,11 €/lavado",https://www.carrefour.es/supermercado/HuchaPromocion?promoId=huchaDisc420117
Limpieza Y Hogar,Suavizante concentrado azul original Flor 80 lavados.,"1,30 €","0,04 €/lavado",https://www.carrefour.es/supermercado/papel-de-cocina-para-todo-colhogar-4-rollos-colhogar/R-prod950024/p
Limpieza Y Hogar,25 Bolsas de basura Maxi Rollo Antibacterias Handy Bag 30 Litros-Azul,"2,20 €","0,17 €/ud",https://www.carrefour.es/supermercado/papel-de-cocina-para-todo-colhogar-4-rollos-colhogar/R-prod950024/p
Limpieza Y Hogar,"Limpiador de baño power gel Carrefour 1,5 l.","1,12 €","0,87 €/l",https://www.carrefour.es/supermercado/suavizante-concentrado-peonia-y-granada-carrefour-80-lavados-carrefour/R-prod1110037/p
Limpieza Y Hogar,"LIMPIAH.DLIMPIO PH NEUTRO 1,5L","1,60 €","1,47 €/l",https://www.carrefour.es/supermercado/suavizante-concentrado-peonia-y-granada-carrefour-80-lavados-carrefour/R-prod1110037/p
Limpieza Y Hogar,Mimosín Suavizante Concentrado Caricias 78 Lavados,"0,62 €","0,05 €/lavado",https://www.carrefour.es/supermercado/abrillantador-lavavajillas-triple-action-carrefour-1-l-carrefour/R-521001503/p
Limpieza Y Hogar,Pañuelos con loción suavizante Carrefour 200 ud.,"0,80 €","0,01 €/ud",https://www.carrefour.es/supermercado/abrillantador-lavavajillas-triple-action-carrefour-1-l-carrefour/R-521001503/p
Limpieza Y Hogar,"Fregasuelos con lejia y detergente azul Estrella 1,35 l.","0,99 €","1,19 €/l",https://www.carrefour.es/supermercado/film-transparente-carrefour-100-metros-carrefour/R-prod392805/p
Limpieza Y Hogar,Lejía normal Carrefour 2 l.,"1,30 €","0,31 €/l",https://www.carrefour.es/supermercado/film-transparente-carrefour-100-metros-carrefour/R-prod392805/p
Limpieza Y Hogar,Lejía efecto antirrotura Carrefour 2 l.,"0,83 €","0,40 €/l",https://www.carrefour.es/supermercado/papel-higienico-humedo-fresh-jumbo-scottex-74-ud-scottex/R-659101836/p
Limpieza Y Hogar,Limpiacristales multiuso Carrefour 1 l.,"6,85 €","0,99 €/l",https://www.carrefour.es/supermercado/papel-higienico-humedo-fresh-jumbo-scottex-74-ud-scottex/R-659101836/p
Limpieza Y Hogar,Quitagrasas desengrasa sin frotar Carrefour 750 ml.,"2,50 €","1,73 €/l",https://www.carrefour.es/supermercado/HuchaPromocion?promoId=huchaDisc420117
Limpieza Y Hogar,Papel de cocina compact Carrefour 3 rollos.,"1,76 €","0,59 €/ud",https://www.carrefour.es/supermercado/papel-de-cocina-compact-carrefour-3-rollos-carrefour/R-521010955/p
Limpieza Y Hogar,3 Bayetas Multiusos de Microfibra Carrefour - Colores surtidos,"2,29 €","0,76 €/ud",https://www.carrefour.es/supermercado/papel-de-cocina-compact-carrefour-3-rollos-carrefour/R-521010955/p
Limpieza Y Hogar,Detergente líquido Colonia Fresca Carrefour 40 lavados.,"2,81 €","0,07 €/lavado",https://www.carrefour.es/supermercado/3-bayetas-multiusos-de-microfibra-carrefour-colores-surtidos-carrefour/R-760001323/p
Limpieza Y Hogar,3 Estropajos con esponja Carrefou - Verde,"1,00 €","0,33 €/ud",https://www.carrefour.es/supermercado/3-bayetas-multiusos-de-microfibra-carrefour-colores-surtidos-carrefour/R-760001323/p
Limpieza Y Hogar,"Fregasuelos con lejia y detergente limón Estrella 2,7 l.","3,12 €","1,16 €/l",https://www.carrefour.es/supermercado/promocion?promoId=promof2530142
Limpieza Y Hogar,Lavavajillas máquina Todo en 1 Max Calgonit Finish 65 ud.,"13,99 €","0,22 €/ud",https://www.carrefour.es/supermercado/detergente-liquido-colonia-fresca-carrefour-40-lavados-carrefour/R-819114844/p
Limpieza Y Hogar,Suavizante concentrado orquídea y vainilla Carrefour 80 lavados.,"1,75 €","0,02 €/lavado",https://www.carrefour.es/supermercado/detergente-liquido-colonia-fresca-carrefour-40-lavados-carrefour/R-819114844/p
Limpieza Y Hogar,Papel de cocina rollo gigante Renova 2 rollos.,"2,60 €","1,30 €/ud",https://www.carrefour.es/supermercado/HuchaPromocion?promoId=huchaDisc420095
Limpieza Y Hogar,Agua de plancha desmineralizada Carrefour 5 l.,"1,75 €","0,35 €/l",https://www.carrefour.es/supermercado/3-estropajos-con-esponja-carrefou-verde-carrefour/R-609800954/p
Limpieza Y Hogar,Papel de cocina Megarollo Scottex 3 rollos.,"1,59 €","0,53 €/ud",https://www.carrefour.es/supermercado/3-estropajos-con-esponja-carrefou-verde-carrefour/R-609800954/p
Limpieza Y Hogar,Detergente líquido bebé sin alérgenos Norit 1125 ml,"4,05 €","3,60 €/l",https://www.carrefour.es/supermercado/fregasuelos-con-lejia-y-detergente-limon-estrella-2-7-l/R-VC4AECOMM-442649/p
Limpieza Y Hogar,"Fregasuelos colonia Carrefour 1,5 l.","0,93 €","0,62 €/l",https://www.carrefour.es/supermercado/fregasuelos-con-lejia-y-detergente-limon-estrella-2-7-l/R-VC4AECOMM-442649/p
Limpieza Y Hogar,Limpiador Multiusos Sanytol Pistola 750 ml,"2,40 €","3,20 €/l",https://www.carrefour.es/supermercado/lavavajillas-maquina-todo-en-1-max-calgonit-finish-65-ud-finish/R-prod1170162/p
Limpieza Y Hogar,"Limpiahogar madera Don Limpio 1,5 l.","2,20 €","1,47 €/l",https://www.carrefour.es/supermercado/lavavajillas-maquina-todo-en-1-max-calgonit-finish-65-ud-finish/R-prod1170162/p
Limpieza Y Hogar,Caja de pañuelos Family Kleenex 140 ud.,"1,85 €","0,01 €/ud",https://www.carrefour.es/supermercado/HuchaPromocion?promoId=huchaDisc420111
Limpieza Y Hogar,20 Bolsas Basura CARREFOUR Cubo Alto 30 Litros - Azul,"1,40 €","0,09 €/ud",https://www.carrefour.es/supermercado/suavizante-concentrado-orquidea-y-vainilla-carrefour-80-lavados-carrefour/R-prod1110036/p
Limpieza Y Hogar,Bolsas de Basura CARREFOUR Pino de 30l 20 ud - Verde,"1,69 €","0,07 €/ud",https://www.carrefour.es/supermercado/suavizante-concentrado-orquidea-y-vainilla-carrefour-80-lavados-carrefour/R-prod1110036/p
Limpieza Y Hogar,Papel higiénico húmedo sensitive Carrefour 70 ud.,"1,93 €","0,02 €/ud",https://www.carrefour.es/supermercado/papel-de-cocina-rollo-gigante-renova-2-rollos-renova/R-prod160138/p
Limpieza Y Hogar,Papel de cocina Adapt Colhogar 3 rollos.,"17,01 €","0,64 €/ud",https://www.carrefour.es/supermercado/papel-de-cocina-rollo-gigante-renova-2-rollos-renova/R-prod160138/p
Limpieza Y Hogar,Papel higiénico acolchado toque de seda Scottex 40 rollos.,"15,70 €","0,43 €/ud",https://www.carrefour.es/supermercado/agua-de-plancha-desmineralizada-carrefour-5-l-carrefour/R-fprod1360337/p
Limpieza Y Hogar,Detergente en cápsulas 3 en 1 Original Ariel 50 ud.,"2,30 €","0,31 €/lavado",https://www.carrefour.es/supermercado/agua-de-plancha-desmineralizada-carrefour-5-l-carrefour/R-fprod1360337/p
Limpieza Y Hogar,Estropajo Salvauñas Antibacterias VILEDA 3 ud - Verde,"2,60 €","1,15 €/ud",https://www.carrefour.es/supermercado/papel-de-cocina-megarollo-scottex-3-rollos-scottex/R-809710845/p
Limpieza Y Hogar,Gel para lavavajillas todo en uno Carrefour 32 lavados,"1,27 €","4,06 €/l",https://www.carrefour.es/supermercado/papel-de-cocina-megarollo-scottex-3-rollos-scottex/R-809710845/p
Limpieza Y Hogar,Papel higiénico húmedo Fresh Dúo Jumbo Scottex pack de 2 paquetes de 74 ud.,"5,15 €","0,03 €/ud",https://www.carrefour.es/supermercado/papel-higienico-humedo-fresh-duo-jumbo-scottex-pack-de-2-paquetes-de-74-ud-scottex/R-659101838/p
Limpieza Y Hogar,Limpiamáquinas Finish pack de 2 unidades de 250 ml.,"6,36 €","12,72 €/l",https://www.carrefour.es/supermercado/papel-higienico-humedo-fresh-duo-jumbo-scottex-pack-de-2-paquetes-de-74-ud-scottex/R-659101838/p
Limpieza Y Hogar,Toallitas anti transferencia del color Carrefour 40 ud.,"3,55 €","0,09 €/ud",https://www.carrefour.es/supermercado/HuchaPromocion?promoId=huchaDisc420117
Limpieza Y Hogar,Colgador WC power activ pine forest Bref 2 ud,"2,40 €","24,00 €/kg",https://www.carrefour.es/supermercado/limpiamaquinas-finish-pack-de-2-unidades-de-250-ml-finish/R-521010506/p
Limpieza Y Hogar,Abrillantador para lavavajillas + secado extra Somat 500 ml.,"0,85 €","5,00 €/l",https://www.carrefour.es/supermercado/limpiamaquinas-finish-pack-de-2-unidades-de-250-ml-finish/R-521010506/p
Limpieza Y Hogar,"Amoniaco perfumado con detergente Carrefour 1,5 l.","1,89 €","0,57 €/l",https://www.carrefour.es/supermercado/HuchaPromocion?promoId=huchaDisc420111
Limpieza Y Hogar,"Lejía lavadora acción total Neutrex Futura 1,8 l.","1,70 €","1,05 €/l",https://www.carrefour.es/supermercado/toallitas-anti-transferencia-del-color-carrefour-40-ud-carrefour/R-prod860428/p
Limpieza Y Hogar,10 Bolsas Basura CARREFOUR Comunidad 100 Litros - Negro,"0,93 €","0,17 €/ud",https://www.carrefour.es/supermercado/toallitas-anti-transferencia-del-color-carrefour-40-ud-carrefour/R-prod860428/p
Limpieza Y Hogar,"Fregasuelos Frescor Limón Carrefour 1,5 l.","3,10 €","0,62 €/l",https://www.carrefour.es/supermercado/colgador-wc-power-activ-pine-forest-bref-2-ud-bref/R-713315980/p
Limpieza Y Hogar,Quitagrasas KH-7 750 ml.,"0,68 €","4,13 €/l",https://www.carrefour.es/supermercado/colgador-wc-power-activ-pine-forest-bref-2-ud-bref/R-713315980/p
Limpieza Y Hogar,Lejía perfumada con detergente Frescor Marino Carrefour 2 l.,"0,70 €","0,34 €/l",https://www.carrefour.es/supermercado/HuchaPromocion?promoId=huchaDisc420114
Limpieza Y Hogar,3 Estropajos Inox Carrefour - Metalizado,"3,89 €","0,23 €/ud",https://www.carrefour.es/supermercado/abrillantador-para-lavavajillas-secado-extra-somat-500-ml-somat/R-prod440196/p
Limpieza Y Hogar,Papel de cocina ultra absorbente XXL Carrefour 4 r.,"1,29 €","0,97 €/ud",https://www.carrefour.es/supermercado/abrillantador-para-lavavajillas-secado-extra-somat-500-ml-somat/R-prod440196/p
Limpieza Y Hogar,Film transparente Albal 50 metros.,"1,25 €","0,05 €/m",https://www.carrefour.es/supermercado/promocion?promoId=promof2530020
Limpieza Y Hogar,6 Bayetas Multiusos Carrefour - Amarilla,"0,99 €","0,21 €/ud",https://www.carrefour.es/supermercado/amoniaco-perfumado-con-detergente-carrefour-1-5-l-carrefour/R-848200308/p
Limpieza Y Hogar,Bolsa de Basura especial Baño CARREFOUR 5L 40 ud 33x35 cm,"0,54 €","0,03 €/ud",https://www.carrefour.es/supermercado/amoniaco-perfumado-con-detergente-carrefour-1-5-l-carrefour/R-848200308/p
Limpieza Y Hogar,PA?UELOS BOLS 18PAQ,"4,01 €","0,05 €/ud",https://www.carrefour.es/supermercado/lejia-lavadora-accion-total-neutrex-futura-1-8-l/R-VC4AECOMM-444384/p
Limpieza Y Hogar,2 Estropajo salvauñas Carrefour - Azul,"2,87 €","0,27 €/ud",https://www.carrefour.es/supermercado/lejia-lavadora-accion-total-neutrex-futura-1-8-l/R-VC4AECOMM-444384/p
Limpieza Y Hogar,Suavizante concentrado Nenuco Flor 72 lavados.,"0,99 €","0,06 €/lavado",https://www.carrefour.es/supermercado/10-bolsas-basura-carrefour-comunidad-100-litros-negro-carrefour/R-prod280614/p
Limpieza Y Hogar,Limpiamuebles embellece classic Pronto 300 ml.,"3,15 €","9,57 €/l",https://www.carrefour.es/supermercado/10-bolsas-basura-carrefour-comunidad-100-litros-negro-carrefour/R-prod280614/p
Limpieza Y Hogar,Toallitas para wc frescor fresco Carrefour 40 ud.,"3,35 €","0,02 €/ud",https://www.carrefour.es/supermercado/fregasuelos-frescor-limon-carrefour-1-5-l-carrefour/R-521001781/p
Limpieza Y Hogar,Limpiador antical en gel spray Viakal 700 ml.,"1,16 €","4,50 €/l",https://www.carrefour.es/supermercado/fregasuelos-frescor-limon-carrefour-1-5-l-carrefour/R-521001781/p
Limpieza Y Hogar,Limpiador de vitrocerámica en crema Vitroclen 450 ml.,"4,90 €","10,89 €/l",https://www.carrefour.es/supermercado/limpiador-de-vitroceramica-en-crema-vitroclen-450-ml-vitroclen/R-521009076/p
Limpieza Y Hogar,"Limpiador de baño Don Limpio 2,7 l.","4,05 €","1,50 €/l",https://www.carrefour.es/supermercado/limpiador-de-vitroceramica-en-crema-vitroclen-450-ml-vitroclen/R-521009076/p
Limpieza Y Hogar,Fregona de tiras Super VILEDA - Azul,"2,70 €","2,70 €/ud",https://www.carrefour.es/supermercado/limpiador-de-bano-don-limpio-2-7-l-don-limpio/R-521001250/p
Limpieza Y Hogar,Papel higiénico acolchado toque de seda Scottex 24 rollos.,"10,50 €","0,44 €/ud",https://www.carrefour.es/supermercado/limpiador-de-bano-don-limpio-2-7-l-don-limpio/R-521001250/p
Limpieza Y Hogar,Limpiador para lavavajillas 2en1 desengrasante Carrefour 250 ml.,"1,70 €","6,80 €/l",https://www.carrefour.es/supermercado/HuchaPromocion?promoId=huchaDisc420127
Limpieza Y Hogar,Limpiahogar Cif 750 ml.,"5,95 €","3,05 €/l",https://www.carrefour.es/supermercado/fregona-de-tiras-super-vileda-azul-vileda/R-521007641/p
Limpieza Y Hogar,Pack de 10 Pilas Alcalinas I-Tech LR06 AA Carrefour,"0,82 €","0,59 €/ud",https://www.carrefour.es/supermercado/fregona-de-tiras-super-vileda-azul-vileda/R-521007641/p
Limpieza Y Hogar,Limpiacristales en pistola Carrefour 1 l.,"1,55 €","0,82 €/l",https://www.carrefour.es/supermercado/papel-higienico-acolchado-toque-de-seda-scottex-24-rollos-scottex/R-526423876/p
Limpieza Y Hogar,Quitamanchas ropa de color en gel Carrefour 2 l.,"3,20 €","0,77 €/l",https://www.carrefour.es/supermercado/papel-higienico-acolchado-toque-de-seda-scottex-24-rollos-scottex/R-526423876/p
Limpieza Y Hogar,Paquete 500 Hojas 80 gr DIN A4,"1,40 €","3,20 €/ud",https://www.carrefour.es/supermercado/HuchaPromocion?promoId=huchaDisc420117
Limpieza Y Hogar,Limpiador jabonoso para muebles y suelos de madera Carrefour Expert 1 l.,"2,39 €","1,40 €/l",https://www.carrefour.es/supermercado/limpiador-para-lavavajillas-2en1-desengrasante-carrefour-250-ml-carrefour/R-642402376/p
Limpieza Y Hogar,"Limpiahogar universal con bioalcohol Tenn 1,3 l.","2,39 €","1,84 €/l",https://www.carrefour.es/supermercado/limpiador-para-lavavajillas-2en1-desengrasante-carrefour-250-ml-carrefour/R-642402376/p
Limpieza Y Hogar,"Limpiador de baño Tenn 1,3 l.","1,75 €","1,84 €/l",https://www.carrefour.es/supermercado/limpiahogar-cif-750-ml-cif/R-521001248/p
Limpieza Y Hogar,Gel desatascador tuberias Expert Carrefour 1 l.,"1,75 €","1,75 €/l",https://www.carrefour.es/supermercado/limpiahogar-cif-750-ml-cif/R-521001248/p
Limpieza Y Hogar,Suavizante concentrado colonia Carrefour 80 lavados.,"0,70 €","0,02 €/lavado",https://www.carrefour.es/supermercado/HuchaPromocion?promoId=huchaDisc420123
Limpieza Y Hogar,Fregona Sintética - Amarilla,"1,30 €","0,70 €/ud",https://www.carrefour.es/supermercado/pack-de-10-pilas-alcalinas-i-tech-lr06-aa-carrefour-carrefour/R-829843579/p
Limpieza Y Hogar,Colgador WC con lejía aroma limón verde Carrefour 2 ud.,"0,75 €","1,30 €/ud",https://www.carrefour.es/supermercado/pack-de-10-pilas-alcalinas-i-tech-lr06-aa-carrefour-carrefour/R-829843579/p
Limpieza Y Hogar,Agua de plancha desmineralizada Carrefour 2 l.,"2,15 €","0,37 €/l",https://www.carrefour.es/supermercado/promocion?promoId=promof2530125
Limpieza Y Hogar,Limpiacristales en pistola cristalino Cristasol 750 ml,"6,65 €","2,87 €/l",https://www.carrefour.es/supermercado/limpiacristales-en-pistola-carrefour-1-l-carrefour/R-prod1000356/p
Limpieza Y Hogar,Sal para lavavajillas Finish 4 kg.,"3,25 €","1,66 €/kg",https://www.carrefour.es/supermercado/limpiacristales-en-pistola-carrefour-1-l-carrefour/R-prod1000356/p
Limpieza Y Hogar,Suavizante concentrado de lirio irresistible Aromaterapia Vernel 76 lavados.,"2,85 €","0,04 €/lavado",https://www.carrefour.es/supermercado/quitamanchas-ropa-de-color-en-gel-carrefour-2-l-carrefour/R-prod211404/p
Limpieza Y Hogar,Detergente líquido para lana y prendas delicadas Perlan 41 lavados.,"2,30 €","2,28 €/l",https://www.carrefour.es/supermercado/quitamanchas-ropa-de-color-en-gel-carrefour-2-l-carrefour/R-prod211404/p
Limpieza Y Hogar,Limpiador desinfectante sin lejía multiusos para todas las superficies Asevi 750 ml.,"3,40 €","0,31 €/100ml",https://www.carrefour.es/supermercado/paquete-500-hojas-80-gr-din-a4-carrefour/R-601401568/p
Limpieza Y Hogar,"Limpiahogar ph neutro Don Limpio 2,7 l.","4,70 €","1,29 €/l",https://www.carrefour.es/supermercado/limpiahogar-ph-neutro-don-limpio-2-7-l-don-limpio/R-521001803/p
Limpieza Y Hogar,Limpiador de suciedad y manchas de humedad Cillit Bang 750 ml.,"17,45 €","6,27 €/l",https://www.carrefour.es/supermercado/limpiahogar-ph-neutro-don-limpio-2-7-l-don-limpio/R-521001803/p
Limpieza Y Hogar,Detergente en polvo Ariel 85 cacitos,"0,93 €","0,21 €/lavado",https://www.carrefour.es/supermercado/HuchaPromocion?promoId=huchaDisc420127
Limpieza Y Hogar,"Fregasuelos talco Carrefour 1,5 l.","3,85 €","0,62 €/l",https://www.carrefour.es/supermercado/limpiador-de-suciedad-y-manchas-de-humedad-cillit-bang-750-ml-cillit-bang/R-866819000/p
Limpieza Y Hogar,Limpiador multiusos desinfectante pistola Sanicentro 750 ml.,"4,45 €","2,65 €/l",https://www.carrefour.es/supermercado/limpiador-de-suciedad-y-manchas-de-humedad-cillit-bang-750-ml-cillit-bang/R-866819000/p
Limpieza Y Hogar,Quitamanchas prelavado spray KH-7 750 ml.,"8,90 €","5,13 €/l",https://www.carrefour.es/supermercado/detergente-en-polvo-ariel-85-cacitos-ariel/R-546306384/p
Limpieza Y Hogar,Abrillantador de lavavajillas Finish 500 ml.,"1,29 €","8,90 €/l",https://www.carrefour.es/supermercado/detergente-en-polvo-ariel-85-cacitos-ariel/R-546306384/p
Limpieza Y Hogar,Detergente líquido Dixan Total 50 lavados.,"6,00 €","0,18 €/lavado",https://www.carrefour.es/supermercado/fregasuelos-talco-carrefour-1-5-l-carrefour/R-646002005/p
Limpieza Y Hogar,Suavizante concentrado moussel Mimosín 78 lavados.,"2,80 €","0,05 €/lavado",https://www.carrefour.es/supermercado/fregasuelos-talco-carrefour-1-5-l-carrefour/R-646002005/p
Limpieza Y Hogar,"Limpiador cocina y baño power con lejía Carrefour 1,5 l.","2,40 €","0,86 €/l",https://www.carrefour.es/supermercado/limpiador-multiusos-desinfectante-pistola-sanicentro-750-ml-sanicentro/R-prod250290/p
Limpieza Y Hogar,Detergente líquido ropa oscura Diario Norit 40 lavados.,"3,25 €","0,15 €/lavado",https://www.carrefour.es/supermercado/limpiador-multiusos-desinfectante-pistola-sanicentro-750-ml-sanicentro/R-prod250290/p
Limpieza Y Hogar,Lavavajillas a mano extra higiene aroma eucalipto Fairy 650 ml.,"9,30 €","4,31 €/l",https://www.carrefour.es/supermercado/quitamanchas-prelavado-spray-kh-7-750-ml-kh-7/R-521012416/p
Limpieza Y Hogar,Colgador WC Poder Activo aroma limón Bref 2 ud.,"2,50 €","24,00 €/kg",https://www.carrefour.es/supermercado/quitamanchas-prelavado-spray-kh-7-750-ml-kh-7/R-521012416/p
Limpieza Y Hogar,Suavizante concentrado delicado para pieles sensibles y alérgicas Vernel 76 lavados.,"2,30 €","0,04 €/lavado",https://www.carrefour.es/supermercado/abrillantador-de-lavavajillas-finish-500-ml-finish/R-521001507/p
Limpieza Y Hogar,Detergente liquido aloe vera Skip 50 lavados.,"1,80 €","0,19 €/lavado",https://www.carrefour.es/supermercado/abrillantador-de-lavavajillas-finish-500-ml-finish/R-521001507/p
Limpieza Y Hogar,Papel de cocina Design XXL Renova 3 rollos.,"18,15 €","0,83 €/ud",https://www.carrefour.es/supermercado/HuchaPromocion?promoId=huchaDisc420111
Limpieza Y Hogar,Bayeta VILEDA X3 - Amarillo,"1,61 €","0,77 €/ud",https://www.carrefour.es/supermercado/detergente-liquido-dixan-total-50-lavados-dixan/R-prod830355/p
Limpieza Y Hogar,Discos wc activos inodoros aroma lima recambio Pato 2 ud.,"9,80 €","2,17 €/ud",https://www.carrefour.es/supermercado/detergente-liquido-dixan-total-50-lavados-dixan/R-prod830355/p
Limpieza Y Hogar,Servilletas 2 capas de Celulosa CARREFOUR HOME 33x12cm - Decorado,"6,10 €","0,02 €/ud",https://www.carrefour.es/supermercado/suavizante-concentrado-moussel-mimosin-78-lavados-mimosin/R-prod250196/p
Limpieza Y Hogar,Papel higiénico megarollo Scottex 36 rollos.,"11,50 €","0,50 €/ud",https://www.carrefour.es/supermercado/suavizante-concentrado-moussel-mimosin-78-lavados-mimosin/R-prod250196/p
Limpieza Y Hogar,Limpiador antical pistola Cillit Bang 750 ml.,"2,99 €","3,99 €/l",https://www.carrefour.es/supermercado/limpiador-antical-pistola-cillit-bang-750-ml-cillit-bang/R-521001240/p
Limpieza Y Hogar,Detergente en cápsulas All in 1 Pods Ariel 70 ud.,"20,95 €","0,30 €/ud",https://www.carrefour.es/supermercado/limpiador-antical-pistola-cillit-bang-750-ml-cillit-bang/R-521001240/p
Limpieza Y Hogar,Ambientador Hogar y Tejidos Sanytol 300 ml,"3,63 €","12,10 €/l",https://www.carrefour.es/supermercado/detergente-en-capsulas-all-in-1-pods-ariel-70-ud/R-VC4AECOMM-490631/p
Limpieza Y Hogar,Caja de pañuelos Deco Carrefour 60 ud.,"1,06 €","0,02 €/ud",https://www.carrefour.es/supermercado/detergente-en-capsulas-all-in-1-pods-ariel-70-ud/R-VC4AECOMM-490631/p
Limpieza Y Hogar,Limpiamáquinas Finish 250 ml.,"3,42 €","13,68 €/l",https://www.carrefour.es/supermercado/ambientador-hogar-y-tejidos-sanytol-300-ml-sanytol/R-804987881/p
Limpieza Y Hogar,Papel de cocina XXL Carrefour 2 rollos.,"2,10 €","1,05 €/ud",https://www.carrefour.es/supermercado/ambientador-hogar-y-tejidos-sanytol-300-ml-sanytol/R-804987881/p
Limpieza Y Hogar,Lavavajillas máquina Todo en 1 aroma naranja en cápsulas Fairy 60 ud.,"9,35 €","0,16 €/lavado",https://www.carrefour.es/supermercado/caja-de-panuelos-deco-carrefour-60-ud-carrefour/R-prod731123/p
Limpieza Y Hogar,Servilletas CARREFOUR 50 ud - Blanco,"1,10 €","1,10 €/ud",https://www.carrefour.es/supermercado/caja-de-panuelos-deco-carrefour-60-ud-carrefour/R-prod731123/p
Limpieza Y Hogar,"Lavavajillas a mano ultra concentrado power clean Expert Carrefour 1,3 l.","1,73 €","1,33 €/l",https://www.carrefour.es/supermercado/limpiamaquinas-finish-250-ml-finish/R-521001505/p
Limpieza Y Hogar,Lavavajillas a máquina en pastillas todo en 1 pack XL Somat 50 ud.,"8,03 €","0,16 €/ud",https://www.carrefour.es/supermercado/limpiamaquinas-finish-250-ml-finish/R-521001505/p
Limpieza Y Hogar,Detergente líquido pieles sensibles Norit 40 lavados,"6,00 €","0,15 €/lavado",https://www.carrefour.es/supermercado/HuchaPromocion?promoId=huchaDisc420111
Limpieza Y Hogar,Limpiador Baños desinfectante sin lejia ZAS 750 ml.,"2,90 €","3,87 €/l",https://www.carrefour.es/supermercado/papel-de-cocina-xxl-carrefour-2-rollos-carrefour/R-782401329/p
Limpieza Y Hogar,Suavizante concentrado magia de magnolia Aromaterapia Vernel 76 lavados.,"3,25 €","0,04 €/lavado",https://www.carrefour.es/supermercado/papel-de-cocina-xxl-carrefour-2-rollos-carrefour/R-782401329/p
Limpieza Y Hogar,Gel para lavavajillas Oro anti grasa Somat 50 lavados.,"8,20 €","0,16 €/lavado",https://www.carrefour.es/supermercado/lavavajillas-maquina-todo-en-1-aroma-naranja-en-capsulas-fairy-60-ud-fairy/R-847300411/p
Limpieza Y Hogar,Bolsas de Basura 100% Reciclado CARREFOUR 30l 20 ud - Verde,"1,80 €","0,09 €/ud",https://www.carrefour.es/supermercado/lavavajillas-maquina-todo-en-1-aroma-naranja-en-capsulas-fairy-60-ud-fairy/R-847300411/p
Limpieza Y Hogar,Suavizante concentrado azul 80 lavados.,"1,40 €","0,70 €/l",https://www.carrefour.es/supermercado/servilletas-carrefour-50-ud-blanco-carrefour/R-prod520205/p
Limpieza Y Hogar,Lavavajillas máquina original Todo en 1 en cápsulas Fairy 84 ud.,"18,95 €","0,23 €/lavado",https://www.carrefour.es/supermercado/servilletas-carrefour-50-ud-blanco-carrefour/R-prod520205/p
Limpieza Y Hogar,Bolsas de congelación 2 tamaños Ziploc Albal 20 ud.,"3,39 €","0,17 €/ud",https://www.carrefour.es/supermercado/lavavajillas-a-mano-ultra-concentrado-power-clean-expert-carrefour-1-3-l/R-VC4AECOMM-490127/p
Limpieza Y Hogar,Papel higiénico acolchado Scottex 9 rollos.,"3,99 €","0,44 €/ud",https://www.carrefour.es/supermercado/lavavajillas-a-mano-ultra-concentrado-power-clean-expert-carrefour-1-3-l/R-VC4AECOMM-490127/p
Limpieza Y Hogar,10 Bolsas de basura Baño Perfumadas Handy Bag 10 Litros - Blancas,"1,99 €","0,13 €/ud",https://www.carrefour.es/supermercado/lavavajillas-a-maquina-en-pastillas-todo-en-1-pack-xl-somat-50-ud-somat/R-729215770/p
Limpieza Y Hogar,Papel de cocina para todo Colhogar 6 rollos.,"1,85 €","1,22 €/ud",https://www.carrefour.es/supermercado/lavavajillas-a-maquina-en-pastillas-todo-en-1-pack-xl-somat-50-ud-somat/R-729215770/p
Limpieza Y Hogar,Limpia lavadoras Carrefour 250 ml.,"1,50 €","7,40 €/l",https://www.carrefour.es/supermercado/promocion?promoId=promof2530020
Limpieza Y Hogar,Bolsas de congelación grandes Carrefour 50 ud.,"2,09 €","0,03 €/ud",https://www.carrefour.es/supermercado/detergente-liquido-pieles-sensibles-norit-40-lavados-norit/R-756203007/p
Limpieza Y Hogar,Estropajo VILEDA No Raya 2+1,"1,80 €","0,60 €/ud",https://www.carrefour.es/supermercado/estropajo-vileda-no-raya-21/R-VC4AECOMM-492608/p
Limpieza Y Hogar,Toallitas limpiagafas Bref 20 ud.,"1,70 €","0,09 €/ud",https://www.carrefour.es/supermercado/estropajo-vileda-no-raya-21/R-VC4AECOMM-492608/p
Limpieza Y Hogar,Limpiador de baño frescor en gel Pato pack de 2 unidades de 750 ml.,"3,23 €","2,15 €/l",https://www.carrefour.es/supermercado/toallitas-limpiagafas-bref-20-ud-bref/R-803467439/p
Limpieza Y Hogar,Papel higiénico triple rollo de 2 capas Carrefour 4 rollos.,"2,20 €","0,55 €/ud",https://www.carrefour.es/supermercado/toallitas-limpiagafas-bref-20-ud-bref/R-803467439/p
Limpieza Y Hogar,Lejía + espuma limpiadora extra power marine Pato 750 ml.,"2,15 €","0,29 €/100ml",https://www.carrefour.es/supermercado/limpiador-de-bano-frescor-en-gel-pato-pack-de-2-unidades-de-750-ml-pato/R-823818277/p
Limpieza Y Hogar,Detergente líquido aloe vera y flores de almendras Carrefour 40 lavados.,"4,10 €","0,10 €/lavado",https://www.carrefour.es/supermercado/limpiador-de-bano-frescor-en-gel-pato-pack-de-2-unidades-de-750-ml-pato/R-823818277/p
Limpieza Y Hogar,Pañuelo mentol Carrefour 10 ud.,"0,99 €","0,10 €/ud",https://www.carrefour.es/supermercado/papel-higienico-triple-rollo-de-2-capas-carrefour-4-rollos-carrefour/R-725602093/p
Limpieza Y Hogar,Lavavajillas máquina aroma limón Todo en 1 en pastillas Carrefour 32 ud.,"3,29 €","0,10 €/ud",https://www.carrefour.es/supermercado/papel-higienico-triple-rollo-de-2-capas-carrefour-4-rollos-carrefour/R-725602093/p
Limpieza Y Hogar,Detergente líquido Nenuco Colon 60 lavados.,"9,15 €","0,15 €/lavado",https://www.carrefour.es/supermercado/lejia-espuma-limpiadora-extra-power-marine-pato-750-ml-pato/R-867102830/p
Limpieza Y Hogar,Detergente liquido ultra oxi effect Ariel 40 lavados.,"13,75 €","0,34 €/lavado",https://www.carrefour.es/supermercado/lejia-espuma-limpiadora-extra-power-marine-pato-750-ml-pato/R-867102830/p
Limpieza Y Hogar,Detergente líquido Colon 50 lavados.,"11,95 €","0,24 €/lavado",https://www.carrefour.es/supermercado/promocion?promoId=promof2530026
Limpieza Y Hogar,Servilletas 3 capas de Celulosa CARREFOUR HOME 50 ud - Blanco,"1,30 €","1,30 €/ud",https://www.carrefour.es/supermercado/detergente-liquido-aloe-vera-y-flores-de-almendras-carrefour-40-lavados-carrefour/R-prod550018/p
Limpieza Y Hogar,Pañuelos Original Kleenex 12 ud.,"1,50 €","0,12 €/ud",https://www.carrefour.es/supermercado/detergente-liquido-aloe-vera-y-flores-de-almendras-carrefour-40-lavados-carrefour/R-prod550018/p
Limpieza Y Hogar,Lavavajillas a mano frescor de limón 3 l.,"1,99 €","0,66 €/l",https://www.carrefour.es/supermercado/HuchaPromocion?promoId=huchaDisc420095
Limpieza Y Hogar,Desodorizante cisterna en pastilla agua Azul Carrefour 2 ud.,"0,68 €","0,34 €/ud",https://www.carrefour.es/supermercado/panuelo-mentol-carrefour-10-ud-carrefour/R-750302807/p
Limpieza Y Hogar,Gamuza atrapa polvo Carrefour 20 ud.,"1,30 €","0,06 €/ud",https://www.carrefour.es/supermercado/panuelo-mentol-carrefour-10-ud-carrefour/R-750302807/p
Limpieza Y Hogar,Servilleta dos Capas CARREFOUR 22x20 cm 500 ud - Blanco,"2,99 €","2,99 €/ud",https://www.carrefour.es/supermercado/lavavajillas-maquina-aroma-limon-todo-en-1-en-pastillas-carrefour-32-ud-carrefour/R-prod860430/p
Limpieza Y Hogar,Suavizante concentrado lavanda Carrefour 80 lavados.,"1,75 €","0,02 €/lavado",https://www.carrefour.es/supermercado/lavavajillas-maquina-aroma-limon-todo-en-1-en-pastillas-carrefour-32-ud-carrefour/R-prod860430/p
Limpieza Y Hogar,Fregona Algodón CARREFOUR - Blanca,"0,99 €","0,99 €/ud",https://www.carrefour.es/supermercado/detergente-liquido-nenuco-colon-60-lavados-colon/R-638601880/p
Limpieza Y Hogar,Lavavajillas máquina platinum Todo en 1 en cápsulas Fairy 42 ud.,"2,73 €","0,34 €/lavado",https://www.carrefour.es/supermercado/detergente-liquido-nenuco-colon-60-lavados-colon/R-638601880/p
Limpieza Y Hogar,Desinfectante Ropa Sanytol 500 ml,"2,50 €","5,46 €/l",https://www.carrefour.es/supermercado/detergente-liquido-ultra-oxi-effect-ariel-40-lavados/R-VC4AECOMM-584527/p
Limpieza Y Hogar,Bolsa Basura Resistente HANDY BAG Devora Olor 30 l - Verde,"1,70 €","0,17 €/ud",https://www.carrefour.es/supermercado/detergente-liquido-ultra-oxi-effect-ariel-40-lavados/R-VC4AECOMM-584527/p
Limpieza Y Hogar,Bolsa de Basura Biodegradable Compostable ECOPLANET 10l 15 ud 45x45 cm,"11,99 €","0,11 €/ud",https://www.carrefour.es/supermercado/promocion?promoId=promof2530006
Limpieza Y Hogar,Suavizante concentrado azul Flor 156 lavados.,"5,50 €","0,04 €/lavado",https://www.carrefour.es/supermercado/suavizante-concentrado-azul-flor-156-lavados-flor/R-770612705/p
Limpieza Y Hogar,Papel higiénico confort suave Carrefour 32 rollos.,"4,70 €","0,17 €/ud",https://www.carrefour.es/supermercado/suavizante-concentrado-azul-flor-156-lavados-flor/R-770612705/p
Limpieza Y Hogar,Detergente en polvo con jabón de Marsella Carrefour 50 cacitos,"3,12 €","0,09 €/lavado",https://www.carrefour.es/supermercado/HuchaPromocion?promoId=huchaDisc420136
Limpieza Y Hogar,"Fregasuelos con lejia y detergente azul Estrella 2,7 l.","9,30 €","1,16 €/l",https://www.carrefour.es/supermercado/papel-higienico-confort-suave-carrefour-32-rollos-carrefour/R-818300533/p
Limpieza Y Hogar,Detergente líquido Active Clean Skip 50 lavados.,"0,99 €","0,19 €/lavado",https://www.carrefour.es/supermercado/papel-higienico-confort-suave-carrefour-32-rollos-carrefour/R-818300533/p
Limpieza Y Hogar,Lavavajillas a mano para pieles sensibles ecológico Carrefour Eco Planet 500 ml.,"1,40 €","1,98 €/l",https://www.carrefour.es/supermercado/detergente-en-polvo-con-jabon-de-marsella-carrefour-50-cacitos-carrefour/R-684204050/p
Limpieza Y Hogar,Rollo de cocina XXL extra long ecológico Renova 2 ud.,"1,60 €","1,24 €/ud",https://www.carrefour.es/supermercado/detergente-en-polvo-con-jabon-de-marsella-carrefour-50-cacitos-carrefour/R-684204050/p
Limpieza Y Hogar,Gel para lavavajillas brillo y protección Finish 50 lavados.,"2,60 €","0,16 €/lavado",https://www.carrefour.es/supermercado/fregasuelos-con-lejia-y-detergente-azul-estrella-2-7-l/R-VC4AECOMM-442659/p
Limpieza Y Hogar,Lavavajillas máquina original Todo en 1 en cápsulas Fairy 55 ud.,"2,70 €","0,25 €/lavado",https://www.carrefour.es/supermercado/fregasuelos-con-lejia-y-detergente-azul-estrella-2-7-l/R-VC4AECOMM-442659/p
Limpieza Y Hogar,Suavizante concentrado talco Carrefour 80 lavados.,"3,15 €","0,70 €/l",https://www.carrefour.es/supermercado/detergente-liquido-active-clean-skip-50-lavados-skip/R-562901537/p
Limpieza Y Hogar,Fregona Hilo Microfibra CARREFOUR - Estampado,"1,95 €","1,60 €/ud",https://www.carrefour.es/supermercado/detergente-liquido-active-clean-skip-50-lavados-skip/R-562901537/p
Limpieza Y Hogar,15 Bolsas de basura Handy Bag Resistente Antibacterias 20 Litros - Azul,"1,51 €","0,17 €/ud",https://www.carrefour.es/supermercado/lavavajillas-a-mano-para-pieles-sensibles-ecologico-carrefour-eco-planet-500-ml-carrefour-eco-planet/R-fprod1250064/p
Limpieza Y Hogar,Papel de cocina ultra absorbente 3 capas Foxy 2 rollos.,"2,80 €","1,35 €/ud",https://www.carrefour.es/supermercado/lavavajillas-a-mano-para-pieles-sensibles-ecologico-carrefour-eco-planet-500-ml-carrefour-eco-planet/R-fprod1250064/p
Limpieza Y Hogar,Lejía amarilla Conejo 4 l.,"3,59 €","0,79 €/l",https://www.carrefour.es/supermercado/rollo-de-cocina-xxl-extra-long-ecologico-renova-2-ud/R-VC4AECOMM-482497/p
Limpieza Y Hogar,LIMPIACRISTALES CRISTASOL R750,"1,73 €","2,60 €/l",https://www.carrefour.es/supermercado/rollo-de-cocina-xxl-extra-long-ecologico-renova-2-ud/R-VC4AECOMM-482497/p
Limpieza Y Hogar,Lejia para ropa proteccion Ace 2 l.,"1,81 €","0,75 €/l",https://www.carrefour.es/supermercado/gel-para-lavavajillas-brillo-y-proteccion-finish-50-lavados-finish/R-835176071/p
Limpieza Y Hogar,15 Bolsas de basura Reciclaje envases Handy Bag 30 Litros - Amarillas,"1,51 €","0,19 €/ud",https://www.carrefour.es/supermercado/gel-para-lavavajillas-brillo-y-proteccion-finish-50-lavados-finish/R-835176071/p
Limpieza Y Hogar,Lavavajillas a máquina platinum plus aroma limón Todo en 1 en cápsulas Fairy 56 ud.,"2,21 €","0,30 €/ud",https://www.carrefour.es/supermercado/HuchaPromocion?promoId=huchaDisc420111
Limpieza Y Hogar,Detergente líquido Wipp Express 50 lavados.,"12,35 €","0,25 €/lavado",https://www.carrefour.es/supermercado/detergente-liquido-wipp-express-50-lavados-wipp-express/R-679501775/p
Limpieza Y Hogar,"Limpiador concentrado para mármol, granito y cerámica Las 3 Brujas 1 l.","2,95 €","2,95 €/l",https://www.carrefour.es/supermercado/detergente-liquido-wipp-express-50-lavados-wipp-express/R-679501775/p
Limpieza Y Hogar,Agua fuerte Salfumant Carrefour 1 l.,"0,75 €","0,75 €/l",https://www.carrefour.es/supermercado/limpiador-concentrado-para-marmol-granito-y-ceramica-las-3-brujas-1-l-las-3-brujas/R-814300113/p
Limpieza Y Hogar,Bolsas de congelación medianas Carrefour 20 ud.,"1,28 €","0,06 €/ud",https://www.carrefour.es/supermercado/limpiador-concentrado-para-marmol-granito-y-ceramica-las-3-brujas-1-l-las-3-brujas/R-814300113/p
Limpieza Y Hogar,"Limpia limón Don Limpio 1,5 l.","2,20 €","1,47 €/l",https://www.carrefour.es/supermercado/agua-fuerte-salfumant-carrefour-1-l-carrefour/R-848100461/p
Limpieza Y Hogar,Colgador WC aroma marino Carrefour 4 ud.,"0,99 €","0,25 €/ud",https://www.carrefour.es/supermercado/agua-fuerte-salfumant-carrefour-1-l-carrefour/R-848100461/p
Limpieza Y Hogar,Limpiador de baño con lejía aroma limón en gel WC Net 750 ml.,"2,25 €","3,00 €/l",https://www.carrefour.es/supermercado/bolsas-de-congelacion-medianas-carrefour-20-ud/R-fprod1460576/p
Limpieza Y Hogar,Ambientador aerosol Colonia Carrefour 300 ml.,"0,90 €","3,00 €/l",https://www.carrefour.es/supermercado/bolsas-de-congelacion-medianas-carrefour-20-ud/R-fprod1460576/p
Limpieza Y Hogar,Detergente líquido Active Clean Skip 100 lavados,"16,15 €","0,16 €/lavado",https://www.carrefour.es/supermercado/limpia-limon-don-limpio-1-5-l-don-limpio/R-637701774/p
Limpieza Y Hogar,3 Estropajos Salvauñas Classic Scotch Brite - Verde,"1,99 €","0,66 €/ud",https://www.carrefour.es/supermercado/limpia-limon-don-limpio-1-5-l-don-limpio/R-637701774/p
Limpieza Y Hogar,Suavizante concentrado azul Carrefour 160 lavados.,"2,90 €","0,02 €/lavado",https://www.carrefour.es/supermercado/HuchaPromocion?promoId=huchaDisc420127
Limpieza Y Hogar,Bolsa Antibacterias Autocierre 50 Litros 10 ud - Azul,"9,35 €","0,29 €/ud",https://www.carrefour.es/supermercado/colgador-wc-aroma-marino-carrefour-4-ud-carrefour/R-694608966/p
Limpieza Y Hogar,Limpiador desinfectante multiusos frescor Lysol 500 ml.,"1,99 €","4,10 €/l",https://www.carrefour.es/supermercado/colgador-wc-aroma-marino-carrefour-4-ud-carrefour/R-694608966/p
Limpieza Y Hogar,Detergente en polvo Colon 50 cacitos,"5,40 €","0,19 €/lavado",https://www.carrefour.es/supermercado/limpiador-de-bano-con-lejia-aroma-limon-en-gel-wc-net-750-ml-wc-net/R-521008348/p
Limpieza Y Hogar,Pañuelos compact resistente a la lavadora Colhogar 24 ud.,"4,20 €","0,08 €/ud",https://www.carrefour.es/supermercado/limpiador-de-bano-con-lejia-aroma-limon-en-gel-wc-net-750-ml-wc-net/R-521008348/p
Limpieza Y Hogar,Detergente en cápsulas marsellas y flores de naranjo Carrefour 30 ud.,"2,40 €","0,18 €/ud",https://www.carrefour.es/supermercado/ambientador-aerosol-colonia-carrefour-300-ml-carrefour/R-692501698/p
Limpieza Y Hogar,Suavizante concentrado original Flor 110 lavados.,"2,20 €","0,04 €/lavado",https://www.carrefour.es/supermercado/ambientador-aerosol-colonia-carrefour-300-ml-carrefour/R-692501698/p
Limpieza Y Hogar,Limpiador de inodoros Pato 750 ml.,"1,77 €","3,20 €/l",https://www.carrefour.es/supermercado/detergente-liquido-active-clean-skip-100-lavados-skip/R-prod860616/p
Limpieza Y Hogar,"Limpiahogar frescor algodon Don Limpio 1,5 l.","1,59 €","1,47 €/l",https://www.carrefour.es/supermercado/detergente-liquido-active-clean-skip-100-lavados-skip/R-prod860616/p
Limpieza Y Hogar,Bolsas multiusos cierre cremallera Carrefour 25 ud.,"5,25 €","0,07 €/ud",https://www.carrefour.es/supermercado/3-estropajos-salvaunas-classic-scotch-brite-verde-scotch-brite/R-527018095/p
Limpieza Y Hogar,Fregasuelos multi superficies frescor intenso higieniza y perfuma aroma brisa polar Disiclin 1000 ml.,"1,42 €","1,59 €/l",https://www.carrefour.es/supermercado/3-estropajos-salvaunas-classic-scotch-brite-verde-scotch-brite/R-527018095/p
Limpieza Y Hogar,Quitamanchas desinfectante en polvo Sanytol 450 g.,"5,03 €","11,18 €/kg",https://www.carrefour.es/supermercado/quitamanchas-desinfectante-en-polvo-sanytol-450-g-sanytol/R-827513253/p
Limpieza Y Hogar,Papel de aluminio Carrefour 100 metros.,"4,15 €","0,04 €/m",https://www.carrefour.es/supermercado/quitamanchas-desinfectante-en-polvo-sanytol-450-g-sanytol/R-827513253/p
Limpieza Y Hogar,Limpiamuebles ceras Carrefour 300 ml.,"1,19 €","3,97 €/l",https://www.carrefour.es/supermercado/promocion?promoId=promof2530001
Limpieza Y Hogar,Desatascador con lejía en gel WC Net 1 l.,"4,75 €","4,75 €/l",https://www.carrefour.es/supermercado/papel-de-aluminio-carrefour-100-metros-carrefour/R-827617799/p
Limpieza Y Hogar,Estropajo de Fibra con Esponja SPONTEX Universal No Raya,"1,60 €","0,80 €/ud",https://www.carrefour.es/supermercado/papel-de-aluminio-carrefour-100-metros-carrefour/R-827617799/p
Limpieza Y Hogar,"Lejia perfumada con detergente azul Lagarto 1,5 l.","1,26 €","0,84 €/l",https://www.carrefour.es/supermercado/limpiamuebles-ceras-carrefour-300-ml-carrefour/R-646601803/p
Limpieza Y Hogar,Papel de cocina ultra fuerte Scottex 2 rollos.,"2,25 €","1,12 €/ud",https://www.carrefour.es/supermercado/limpiamuebles-ceras-carrefour-300-ml-carrefour/R-646601803/p
Limpieza Y Hogar,Limpiador de vitrocerámica en espuma KH-7 750 ml.,"3,90 €","5,20 €/l",https://www.carrefour.es/supermercado/desatascador-con-lejia-en-gel-wc-net-1-l-wc-net/R-521001266/p
Limpieza Y Hogar,"Lavavajillas a mano frescor de limón Producto Blanco 1,3 l.","0,89 €","0,68 €/l",https://www.carrefour.es/supermercado/desatascador-con-lejia-en-gel-wc-net-1-l-wc-net/R-521001266/p
Limpieza Y Hogar,Fregasuelos multi superficies frescor intenso higieniza y perfuma aroma lavanda Disiclin 1000 ml.,"1,59 €","1,59 €/l",https://www.carrefour.es/supermercado/estropajo-de-fibra-con-esponja-spontex-universal-no-raya/R-VC4AECOMM-559301/p
Limpieza Y Hogar,Fregona Trenzada CARREFOUR - Bicolor,"1,71 €","1,71 €/ud",https://www.carrefour.es/supermercado/estropajo-de-fibra-con-esponja-spontex-universal-no-raya/R-VC4AECOMM-559301/p
Limpieza Y Hogar,Detergente líquido Alpine Ariel 50 lavados.,"0,70 €","0,26 €/lavado",https://www.carrefour.es/supermercado/lejia-perfumada-con-detergente-azul-lagarto-1-5-l/R-VC4AECOMM-843353/p
Limpieza Y Hogar,2 Estropajos con esponja Carrefour - Azul,"2,50 €","0,35 €/ud",https://www.carrefour.es/supermercado/lejia-perfumada-con-detergente-azul-lagarto-1-5-l/R-VC4AECOMM-843353/p
Limpieza Y Hogar,Limpia máquinas duo Somat 3 ud.,"13,97 €","0,83 €/ud",https://www.carrefour.es/supermercado/papel-de-cocina-ultra-fuerte-scottex-2-rollos/R-VC4AECOMM-480371/p
Limpieza Y Hogar,Papel higiénico 3 capas suaves acolchado Scottex 32 rollos.,"8,65 €","0,44 €/ud",https://www.carrefour.es/supermercado/papel-de-cocina-ultra-fuerte-scottex-2-rollos/R-VC4AECOMM-480371/p
Limpieza Y Hogar,Detergente líquido adiós al separar Micolor 40 lavados.,"1,42 €","0,22 €/lavado",https://www.carrefour.es/supermercado/HuchaPromocion?promoId=huchaDisc420117
Limpieza Y Hogar,Quitamanchas textil spray Oxi Power Carrefour 500 ml.,"18,15 €","2,84 €/l",https://www.carrefour.es/supermercado/limpiador-de-vitroceramica-en-espuma-kh-7-750-ml-kh-7/R-530363114/p
Limpieza Y Hogar,Lavavajillas máquina Todo en 1 en pastillas Calgonit Finish 85 ud.,"1,50 €","0,23 €/lavado",https://www.carrefour.es/supermercado/limpiador-de-vitroceramica-en-espuma-kh-7-750-ml-kh-7/R-530363114/p
Limpieza Y Hogar,Papel higiénico Megarollo Scottex 40 rollos.,"2,39 €","0,45 €/ud",https://www.carrefour.es/supermercado/lavavajillas-a-mano-frescor-de-limon-producto-blanco-1-3-l/R-VC4AECOMM-490076/p
Limpieza Y Hogar,Bolsa de Basura ALFAPAC Especial Orgánicos 20l 20 ud 45x55 - Negro,"1,40 €","0,07 €/ud",https://www.carrefour.es/supermercado/lavavajillas-a-mano-frescor-de-limon-producto-blanco-1-3-l/R-VC4AECOMM-490076/p
Limpieza Y Hogar,"Limpiahogar aroma aloe vera Tenn 1,3 l.","1,00 €","1,84 €/l",https://www.carrefour.es/supermercado/fregasuelos-multi-superficies-frescor-intenso-higieniza-y-perfuma-aroma-lavanda-disiclin-1000-ml-disiclin/R-fprod1220398/p
Limpieza Y Hogar,Estropajo Niquel Nanas - Inox,"3,80 €","1,40 €/ud",https://www.carrefour.es/supermercado/fregasuelos-multi-superficies-frescor-intenso-higieniza-y-perfuma-aroma-lavanda-disiclin-1000-ml-disiclin/R-fprod1220398/p
Limpieza Y Hogar,Fregasuelos aroma limón Xanpa 1 l.,"1,42 €","1,42 €/l",https://www.carrefour.es/supermercado/fregasuelos-aroma-limon-xanpa-1-l-xanpa/R-521001779/p
Limpieza Y Hogar,Toallitas anti transferencia del color Carrefour 20 ud.,"1,92 €","0,10 €/ud",https://www.carrefour.es/supermercado/fregasuelos-aroma-limon-xanpa-1-l-xanpa/R-521001779/p
Limpieza Y Hogar,Limpiador antical en gel Viakal 750 ml.,"3,05 €","4,07 €/l",https://www.carrefour.es/supermercado/promocion?promoId=promof2530023
Limpieza Y Hogar,Papel higiénico 5 capas Carrefour 6 rollos.,"2,90 €","0,48 €/ud",https://www.carrefour.es/supermercado/toallitas-anti-transferencia-del-color-carrefour-20-ud-carrefour/R-prod860605/p
Limpieza Y Hogar,Quitamanchas ropa de color en polvi 4 Vanish Oxi-Action 900 g.,"2,69 €","8,73 €/kg",https://www.carrefour.es/supermercado/toallitas-anti-transferencia-del-color-carrefour-20-ud-carrefour/R-prod860605/p
Limpieza Y Hogar,Quitagrasa aroma cítrico KH-7 750 ml.,"4,25 €","3,59 €/l",https://www.carrefour.es/supermercado/limpiador-antical-en-gel-viakal-750-ml-viakal/R-521028538/p
Limpieza Y Hogar,Limpiador en spray con lejia Cillit Bang 750 ml.,"8,93 €","5,67 €/l",https://www.carrefour.es/supermercado/limpiador-antical-en-gel-viakal-750-ml-viakal/R-521028538/p
Limpieza Y Hogar,Gel para lavavajillas limón desengrasante Finish 50 lavados.,"1,79 €","0,18 €/lavado",https://www.carrefour.es/supermercado/papel-higienico-5-capas-carrefour-6-rollos-carrefour/R-590207745/p
Limpieza Y Hogar,Suavizante concentrado florales jazmín Mimosín 78 lavados.,"2,05 €","0,05 €/lavado",https://www.carrefour.es/supermercado/papel-higienico-5-capas-carrefour-6-rollos-carrefour/R-590207745/p
Limpieza Y Hogar,Papel higiénico Megarollo Scottex 20 rollos.,"3,20 €","0,53 €/ud",https://www.carrefour.es/supermercado/quitamanchas-ropa-de-color-en-polvi-4-vanish-oxi-action-900-g-vanish-oxiaction/R-fprod1270041/p
Limpieza Y Hogar,"Lejía lavadora perfumada frescor verde acción total Neutrex 1,8 l.","2,35 €","0,99 €/l",https://www.carrefour.es/supermercado/quitamanchas-ropa-de-color-en-polvi-4-vanish-oxi-action-900-g-vanish-oxiaction/R-fprod1270041/p
Limpieza Y Hogar,Limpiador de vitrocerámica e inducción en crema Carrefour 500 ml.,"5,10 €","4,10 €/l",https://www.carrefour.es/supermercado/promocion?promoId=promof2530033
Limpieza Y Hogar,Papel de cocina para todo Colhogar 1 rollo.,"0,90 €","3,20 €/ud",https://www.carrefour.es/supermercado/quitagrasa-aroma-citrico-kh-7-750-ml-kh-7/R-575701501/p
Limpieza Y Hogar,Limpiador multiusos Las 3 Brujas 750 ml.,"1,40 €","3,13 €/l",https://www.carrefour.es/supermercado/quitagrasa-aroma-citrico-kh-7-750-ml-kh-7/R-575701501/p
Limpieza Y Hogar,Toallitas captura colores Protect Iberia 25 ud.,"1,10 €","0,20 €/ud",https://www.carrefour.es/supermercado/limpiador-en-spray-con-lejia-cillit-bang-750-ml-cillit-bang/R-546101974/p
Limpieza Y Hogar,Ambientador aerosol ropa limpia Splash 300 ml.,"3,10 €","3,00 €/l",https://www.carrefour.es/supermercado/limpiador-en-spray-con-lejia-cillit-bang-750-ml-cillit-bang/R-546101974/p
Limpieza Y Hogar,Bolsa de Basura sin Autocierre CARREFOUR 30 l 40 ud - Negro,"3,45 €","0,03 €/ud",https://www.carrefour.es/supermercado/gel-para-lavavajillas-limon-desengrasante-finish-50-lavados-finish/R-835176073/p
Limpieza Y Hogar,Fregona Tiras - Estampada,"1,21 €","1,10 €/ud",https://www.carrefour.es/supermercado/gel-para-lavavajillas-limon-desengrasante-finish-50-lavados-finish/R-835176073/p
Limpieza Y Hogar,Detergente en cápsulas 3 en 1 Alpine Ariel 50 ud.,"4,70 €","0,32 €/lavado",https://www.carrefour.es/supermercado/HuchaPromocion?promoId=huchaDisc420111
Limpieza Y Hogar,Papel higiénico 5 capas Cotton Foxy 4 rollos.,"12,10 €","0,77 €/ud",https://www.carrefour.es/supermercado/suavizante-concentrado-florales-jazmin-mimosin-78-lavados-mimosin/R-prod240572/p
Limpieza Y Hogar,Detergente liquido delicate con jabón de marsella Carrefour Expert 40 lavados.,"2,39 €","0,06 €/lavado",https://www.carrefour.es/supermercado/detergente-liquido-delicate-con-jabon-de-marsella-carrefour-expert-40-lavados/R-VC4AECOMM-513535/p
Limpieza Y Hogar,Limpia lavadoras Higienizante Sanytol 250 ml.,"3,95 €","15,80 €/l",https://www.carrefour.es/supermercado/detergente-liquido-delicate-con-jabon-de-marsella-carrefour-expert-40-lavados/R-VC4AECOMM-513535/p
Limpieza Y Hogar,Quitamanchas ropa blanca en polvo 5 Vanish Oxi-Action 450 g.,"4,85 €","10,78 €/kg",https://www.carrefour.es/supermercado/limpia-lavadoras-higienizante-sanytol-250-ml-sanytol/R-prod840901/p
Limpieza Y Hogar,Suavizante concentrado hipoalergénico para pieles sensibles ecológico Frosch Baby 31 lavados.,"2,10 €","0,07 €/lavado",https://www.carrefour.es/supermercado/limpia-lavadoras-higienizante-sanytol-250-ml-sanytol/R-prod840901/p
Limpieza Y Hogar,Detergente líquido para ropa oscura Perlan 25 lavados.,"4,75 €","0,19 €/lavado",https://www.carrefour.es/supermercado/quitamanchas-ropa-blanca-en-polvo-5-vanish-oxi-action-450-g-vanish-oxiaction/R-fprod1270030/p
Limpieza Y Hogar,Quitamanchas ropa de color en polvi 4 Vanish Oxi-Action 450 g.,"4,85 €","10,78 €/kg",https://www.carrefour.es/supermercado/quitamanchas-ropa-blanca-en-polvo-5-vanish-oxi-action-450-g-vanish-oxiaction/R-fprod1270030/p
Limpieza Y Hogar,Papel higiénico ultrasoft tacto de seda Foxy 9 rollos.,"3,60 €","0,40 €/ud",https://www.carrefour.es/supermercado/suavizante-concentrado-hipoalergenico-para-pieles-sensibles-ecologico-frosch-baby-31-lavados-frosch-baby/R-801540501/p
Limpieza Y Hogar,Detergente Líquido 2 en 1 Vanish Colon 40 lavados.,"3,85 €","0,22 €/lavado",https://www.carrefour.es/supermercado/suavizante-concentrado-hipoalergenico-para-pieles-sensibles-ecologico-frosch-baby-31-lavados-frosch-baby/R-801540501/p
Limpieza Y Hogar,Quitamanchas spray Oxy Effect KH-7 750 ml.,"1,54 €","5,13 €/l",https://www.carrefour.es/supermercado/detergente-liquido-para-ropa-oscura-perlan-25-lavados-perlan/R-prod190079/p
Limpieza Y Hogar,Ambientador desodorante de lavavajillas aroma limón Carrefour aparato + 2 recambios.,"2,10 €","1,54 €/ud",https://www.carrefour.es/supermercado/detergente-liquido-para-ropa-oscura-perlan-25-lavados-perlan/R-prod190079/p
Limpieza Y Hogar,Fregona Multiusos Ultrasec Scotch Brite - Verde,"14,25 €","2,10 €/ud",https://www.carrefour.es/supermercado/quitamanchas-ropa-de-color-en-polvi-4-vanish-oxi-action-450-g-vanish-oxiaction/R-fprod1270042/p
Limpieza Y Hogar,Gel para lavavajillas Oro anti grasa Somat pack de 2 unidades de 50 lavados.,"1,99 €","0,14 €/lavado",https://www.carrefour.es/supermercado/quitamanchas-ropa-de-color-en-polvi-4-vanish-oxi-action-450-g-vanish-oxiaction/R-fprod1270042/p
Limpieza Y Hogar,Recogedor con Palo Carrefour - Verde,"11,90 €","1,99 €/ud",https://www.carrefour.es/supermercado/papel-higienico-ultrasoft-tacto-de-seda-foxy-9-rollos/R-VC4AECOMM-477714/p
Limpieza Y Hogar,Suavizante concentrado dulces sueños Mimosín 78 lavados.,"3,74 €","0,05 €/lavado",https://www.carrefour.es/supermercado/papel-higienico-ultrasoft-tacto-de-seda-foxy-9-rollos/R-VC4AECOMM-477714/p
Limpieza Y Hogar,Bolsas de congelación medianas Albal 40 ud.,"4,40 €","0,06 €/ud",https://www.carrefour.es/supermercado/promocion?promoId=promof2530031
Limpieza Y Hogar,Pack de 30 Pilas Alcalinas I-Tech Carrefour Lr03 (Aaa),"4,05 €","0,40 €/ud",https://www.carrefour.es/supermercado/detergente-liquido-2-en-1-vanish-colon-40-lavados-colon/R-fprod1320013/p
Limpieza Y Hogar,"LIMPIAH.DON LIMPIO MADERA 2,7L","4,15 €","1,39 €/l",https://www.carrefour.es/supermercado/detergente-liquido-2-en-1-vanish-colon-40-lavados-colon/R-fprod1320013/p
Limpieza Y Hogar,25 Bolsas de basura Maxi Rollo Perfumadas Handy Bag 30 l - Morado,"1,00 €","0,18 €/ud",https://www.carrefour.es/supermercado/promocion?promoId=promof2530007
Limpieza Y Hogar,DESENGRASANTE CILLIT BANG 750,"6,80 €","5,40 €/l",https://www.carrefour.es/supermercado/quitamanchas-spray-oxy-effect-kh-7-750-ml-kh-7/R-543602460/p
Limpieza Y Hogar,Detergente líquido cerezas de Japón Carrefour 40 lavados.,"4,75 €","0,10 €/lavado",https://www.carrefour.es/supermercado/quitamanchas-spray-oxy-effect-kh-7-750-ml-kh-7/R-543602460/p
Limpieza Y Hogar,Detergente en jabón a mano natural Lagarto 250 g.,"3,00 €","4,00 €/kg",https://www.carrefour.es/supermercado/ambientador-desodorante-de-lavavajillas-aroma-limon-carrefour-aparato-2-recambios-carrefour/R-521001515/p
Limpieza Y Hogar,Limpiador de baño desinfectante frescor marino Lysol 500 ml.,"1,78 €","4,20 €/l",https://www.carrefour.es/supermercado/limpiador-de-bano-desinfectante-frescor-marino-lysol-500-ml/R-VC4AECOMM-569550/p
Limpieza Y Hogar,Caja de pañuelos Collection Kleenex 56 ud.,"6,35 €","0,03 €/ud",https://www.carrefour.es/supermercado/limpiador-de-bano-desinfectante-frescor-marino-lysol-500-ml/R-VC4AECOMM-569550/p
Limpieza Y Hogar,Antical para lavadoras 2 en 1 en gel Calgon 750 ml.,"6,00 €","8,47 €/l",https://www.carrefour.es/supermercado/HuchaPromocion?promoId=huchaDisc420125
Limpieza Y Hogar,Detergente líquido ropa de color Norit 40 lavados,"0,50 €","0,15 €/lavado",https://www.carrefour.es/supermercado/caja-de-panuelos-collection-kleenex-56-ud-kleenex/R-546307094/p
Limpieza Y Hogar,Ambientador Flores Blancas 1 ud.,"2,10 €","3,33 €/kg",https://www.carrefour.es/supermercado/caja-de-panuelos-collection-kleenex-56-ud-kleenex/R-546307094/p
Limpieza Y Hogar,Detergente en cápsulas Ultra Oxy Effect All in 1 Pods Ariel 43 lavados.,"2,95 €","0,37 €/lavado",https://www.carrefour.es/supermercado/HuchaPromocion?promoId=huchaDisc420117
Limpieza Y Hogar,3 Estropajos Multiusos Fibra con esponja VILEDA - Verde,"3,25 €","1,05 €/ud",https://www.carrefour.es/supermercado/antical-para-lavadoras-2-en-1-en-gel-calgon-750-ml-calgon/R-521001533/p
Limpieza Y Hogar,Limpiador desinfectante Las 3 Brujas 1 l.,"2,15 €","2,95 €/l",https://www.carrefour.es/supermercado/antical-para-lavadoras-2-en-1-en-gel-calgon-750-ml-calgon/R-521001533/p
Limpieza Y Hogar,Suavizante concentrado de agua de coco y minerales Aromaterapia+ Vernel 76 lavados.,"2,30 €","0,04 €/lavado",https://www.carrefour.es/supermercado/detergente-liquido-ropa-de-color-norit-40-lavados-norit/R-760342328/p
Limpieza Y Hogar,Multiusos desinfectante sin lejia Disiclin 750 ml.,"8,30 €","2,87 €/l",https://www.carrefour.es/supermercado/detergente-liquido-ropa-de-color-norit-40-lavados-norit/R-760342328/p
Limpieza Y Hogar,Limpiador multiusos Glassex 750 ml.,"2,09 €","3,07 €/l",https://www.carrefour.es/supermercado/ambientador-flores-blancas-1-ud-producto-blanco/R-551303339/p
Limpieza Y Hogar,Detergente liquido optimal clen frescor alpino expert Carrefour 76 lavados.,"5,15 €","0,11 €/lavado",https://www.carrefour.es/supermercado/ambientador-flores-blancas-1-ud-producto-blanco/R-551303339/p
Limpieza Y Hogar,Papel de cocina compacto ecológico Carrefour Eco Planet 2 rollos.,"5,55 €","1,04 €/ud",https://www.carrefour.es/supermercado/detergente-en-capsulas-ultra-oxy-effect-all-in-1-pods-ariel-43-lavados/R-VC4AECOMM-477717/p
Limpieza Y Hogar,Papel de aluminio Albal 50 metros.,"1,42 €","0,10 €/m",https://www.carrefour.es/supermercado/detergente-en-capsulas-ultra-oxy-effect-all-in-1-pods-ariel-43-lavados/R-VC4AECOMM-477717/p
Limpieza Y Hogar,Pastillas para lavavajillas todo en 1 Ultra Tabs Carrefour 40 ud.,"2,85 €","0,14 €/ud",https://www.carrefour.es/supermercado/promocion?promoId=promof2530006
Limpieza Y Hogar,Lavavajillas a mano diluido original Mistol 900 ml.,"3,10 €","1,58 €/l",https://www.carrefour.es/supermercado/3-estropajos-multiusos-fibra-con-esponja-vileda-verde-vileda/R-prod380779/p
Limpieza Y Hogar,Papel higiénico mega3 Foxy 4 rollos.,"5,10 €","0,71 €/ud",https://www.carrefour.es/supermercado/3-estropajos-multiusos-fibra-con-esponja-vileda-verde-vileda/R-prod380779/p
Limpieza Y Hogar,Suavizante Creaciones flores de Tiaré y frutos rojos Mimosín 58 lavados.,"2,90 €","0,06 €/lavado",https://www.carrefour.es/supermercado/limpiador-desinfectante-las-3-brujas-1-l-las-3-brujas/R-814144330/p
Limpieza Y Hogar,Ambientador varillas Frutos rojos Carrefour 45 ml.,"1,60 €","3,10 €/ud",https://www.carrefour.es/supermercado/limpiador-desinfectante-las-3-brujas-1-l-las-3-brujas/R-814144330/p
Limpieza Y Hogar,Set de 8 Bayetas Microfibras SPONTEX,"1,99 €","0,64 €/ud",https://www.carrefour.es/supermercado/suavizante-concentrado-de-agua-de-coco-y-minerales-aromaterapia-vernel-76-lavados-vernel/R-prod540006/p
Limpieza Y Hogar,Papel de cocina ecológico Renova 1 rollo.,"1,28 €","2,90 €/ud",https://www.carrefour.es/supermercado/suavizante-concentrado-de-agua-de-coco-y-minerales-aromaterapia-vernel-76-lavados-vernel/R-prod540006/p
Limpieza Y Hogar,Papel de cocina compacto Foxy 3 rollos.,"3,00 €","1,00 €/ud",https://www.carrefour.es/supermercado/papel-de-cocina-compacto-foxy-3-rollos-foxy/R-818615362/p
Limpieza Y Hogar,Lavavajillas a mano Ultra Plus Mistol 950 ml.,"2,05 €","2,16 €/l",https://www.carrefour.es/supermercado/papel-de-cocina-compacto-foxy-3-rollos-foxy/R-818615362/p
Limpieza Y Hogar,Quitagrasas KH-7 900 ml.,"3,69 €","4,10 €/l",https://www.carrefour.es/supermercado/promocion?promoId=promof2530031
Limpieza Y Hogar,Set de Servilletas 2 capas de Celulosa RENOVA Cocktail 90pz - Blancas,"1,70 €","0,02 €/ud",https://www.carrefour.es/supermercado/lavavajillas-a-mano-ultra-plus-mistol-950-ml-mistol/R-582102612/p
Limpieza Y Hogar,Guante Desechable Vinilo SPONTEX Protect Talla 7 100 ud,"11,95 €","11,95 €/ud",https://www.carrefour.es/supermercado/lavavajillas-a-mano-ultra-plus-mistol-950-ml-mistol/R-582102612/p
Limpieza Y Hogar,Pack Servilletas Ecológicas RENOVA 90 uds - Beige,"1,50 €","1,50 €/ud",https://www.carrefour.es/supermercado/quitagrasas-kh-7-900-ml-kh-7/R-prod780146/p
Limpieza Y Hogar,"Fregasuelos para parqué Carrefour 1,5 l.","1,20 €","0,80 €/l",https://www.carrefour.es/supermercado/quitagrasas-kh-7-900-ml-kh-7/R-prod780146/p
Limpieza Y Hogar,Lavavajillas a mano aroma menta y romero ecológico Carrefour Eco Planet 500 ml.,"0,99 €","1,98 €/l",https://www.carrefour.es/supermercado/set-de-servilletas-2-capas-de-celulosa-renova-cocktail-90pz-blancas-renova/R-817868739/p
Limpieza Y Hogar,Rollo de bayetas Multiusos Carrefour - Amarilla,"1,20 €","0,60 €/m",https://www.carrefour.es/supermercado/set-de-servilletas-2-capas-de-celulosa-renova-cocktail-90pz-blancas-renova/R-817868739/p
Limpieza Y Hogar,Gel desatascador turbo tuberias Carrefour 500 ml.,"1,60 €","3,20 €/l",https://www.carrefour.es/supermercado/guante-desechable-vinilo-spontex-protect-talla-7-100-ud/R-VC4AECOMM-551153/p
Limpieza Y Hogar,Detergente líquido de Marsella Omino Bianco 75 lavados,"10,95 €","0,15 €/lavado",https://www.carrefour.es/supermercado/guante-desechable-vinilo-spontex-protect-talla-7-100-ud/R-VC4AECOMM-551153/p
Limpieza Y Hogar,Detergente en polvo de Marsella Carrefour 100 lavados.,"8,93 €","0,09 €/lavado",https://www.carrefour.es/supermercado/promocion?promoId=promof2520035
Limpieza Y Hogar,Colgador WC aroma lavanda Carrefour 4 ud.,"0,99 €","0,25 €/ud",https://www.carrefour.es/supermercado/pack-servilletas-ecologicas-renova-90-uds-beige-renova/R-prod720112/p
Limpieza Y Hogar,Limpiador jabonoso para madera Pronto 750 ml.,"3,85 €","5,13 €/l",https://www.carrefour.es/supermercado/pack-servilletas-ecologicas-renova-90-uds-beige-renova/R-prod720112/p
Limpieza Y Hogar,Discos wc activos inodoros lima aparato + recambio Pato 1 ud.,"2,90 €","2,90 €/ud",https://www.carrefour.es/supermercado/fregasuelos-para-parque-carrefour-1-5-l-carrefour/R-740504209/p
Limpieza Y Hogar,Papel de cocina Renova 1 rollo.,"1,44 €","1,44 €/ud",https://www.carrefour.es/supermercado/fregasuelos-para-parque-carrefour-1-5-l-carrefour/R-740504209/p
Limpieza Y Hogar,Detergente en cápsulas 3 en 1 Color & Style Ariel 50 ud.,"5,55 €","0,32 €/lavado",https://www.carrefour.es/supermercado/lavavajillas-a-mano-aroma-menta-y-romero-ecologico-carrefour-eco-planet-500-ml-carrefour-eco-planet/R-fprod1250066/p
Limpieza Y Hogar,Perfume para la ropa en perlas concentradas fresh Unstoppables Lenor 210 g.,"1,80 €","26,43 €/kg",https://www.carrefour.es/supermercado/lavavajillas-a-mano-aroma-menta-y-romero-ecologico-carrefour-eco-planet-500-ml-carrefour-eco-planet/R-fprod1250066/p
Limpieza Y Hogar,Filtros de Café CARREFOUR 100 ud - Blanco,"8,90 €","0,02 €/ud",https://www.carrefour.es/supermercado/rollo-de-bayetas-multiusos-carrefour-amarilla-carrefour/R-609302146/p
Limpieza Y Hogar,Detergente líquido adiós al separar Dixan Total 50 lavados.,"0,99 €","0,18 €/lavado",https://www.carrefour.es/supermercado/rollo-de-bayetas-multiusos-carrefour-amarilla-carrefour/R-609302146/p
Limpieza Y Hogar,Paquete pinzas plástico Style 24 ud - Surtido,"0,90 €","0,04 €/ud",https://www.carrefour.es/supermercado/promocion?promoId=promof2530142
Limpieza Y Hogar,Suavizante concentrado lavanda Mimosín 78 lavados.,"1,06 €","0,05 €/lavado",https://www.carrefour.es/supermercado/gel-desatascador-turbo-tuberias-carrefour-500-ml/R-VC4AECOMM-487704/p
Limpieza Y Hogar,Fregona de tiras Style VILEDA - Rosa,"2,30 €","2,30 €/ud",https://www.carrefour.es/supermercado/fregona-de-tiras-style-vileda-rosa-vileda/R-609800762/p
Limpieza Y Hogar,Lavavajillas a máquina en pastillas quantum max Finish Powerball 36 ud.,"11,99 €","0,33 €/lavado",https://www.carrefour.es/supermercado/fregona-de-tiras-style-vileda-rosa-vileda/R-609800762/p
Limpieza Y Hogar,Bolsas multiusos con cierre cremallera Zipper 1l. Albal 12 ud.,"2,15 €","0,18 €/ud",https://www.carrefour.es/supermercado/lavavajillas-a-maquina-en-pastillas-quantum-max-finish-powerball-36-ud-finish/R-521001491/p
Limpieza Y Hogar,Ambientador automático Flores Blancas recambio Carrefour 1 ud.,"1,80 €","7,20 €/l",https://www.carrefour.es/supermercado/lavavajillas-a-maquina-en-pastillas-quantum-max-finish-powerball-36-ud-finish/R-521001491/p
Limpieza Y Hogar,2 Estropajos Salvauñas Ergo Universal Scotch Brite - Verde,"2,10 €","1,05 €/ud",https://www.carrefour.es/supermercado/HuchaPromocion?promoId=huchaDisc420111
Limpieza Y Hogar,Papel higiénico seda neutro para la piel Foxy 9 rollos.,"4,80 €","0,53 €/ud",https://www.carrefour.es/supermercado/bolsas-multiusos-con-cierre-cremallera-zipper-1l-albal-12-ud-albal/R-768503568/p
Limpieza Y Hogar,Limpiacristales en pistola multiusos Cristasol 750 ml.,"2,30 €","3,07 €/l",https://www.carrefour.es/supermercado/bolsas-multiusos-con-cierre-cremallera-zipper-1l-albal-12-ud-albal/R-768503568/p
Limpieza Y Hogar,Limpiador de vitrocerámica aroma naranja en crema ecológico Frosch 650 ml.,"3,15 €","4,85 €/l",https://www.carrefour.es/supermercado/ambientador-automatico-flores-blancas-recambio-carrefour-1-ud-carrefour/R-736419786/p
Limpieza Y Hogar,Ambientador de lavavajillas aroma limón Finish 1 ud.,"3,15 €","3,15 €/ud",https://www.carrefour.es/supermercado/ambientador-automatico-flores-blancas-recambio-carrefour-1-ud-carrefour/R-736419786/p
Limpieza Y Hogar,Gel WC ecualipto ecológico Carefour Eco Planet 750 ml.,"1,18 €","1,57 €/l",https://www.carrefour.es/supermercado/2-estropajos-salvaunas-ergo-universal-scotch-brite-verde-scotch-brite/R-609801544/p
Limpieza Y Hogar,"LIMPIAD.TENN BIOALC. 2,5L","3,80 €","1,52 €/l",https://www.carrefour.es/supermercado/2-estropajos-salvaunas-ergo-universal-scotch-brite-verde-scotch-brite/R-609801544/p
Limpieza Y Hogar,Paquete 500 Hojas 80 gr DIN A4,"3,90 €","0,01 €/ud",https://www.carrefour.es/supermercado/papel-higienico-seda-neutro-para-la-piel-foxy-9-rollos-foxy/R-826435048/p
Limpieza Y Hogar,"Quitamanchas líquido Oxy 5 Color Neutrex 2,62 l.","4,90 €","1,87 €/l",https://www.carrefour.es/supermercado/papel-higienico-seda-neutro-para-la-piel-foxy-9-rollos-foxy/R-826435048/p
Limpieza Y Hogar,Detergente Líquido Bebé Carrefour 50 Lavados,"5,65 €","0,11 €/lavado",https://www.carrefour.es/supermercado/promocion?promoId=promof2530031
Limpieza Y Hogar,Limpiador para cocinas y baños multidesinfección Sani Centro 2 l.,"2,10 €","1,05 €/l",https://www.carrefour.es/supermercado/limpiacristales-en-pistola-multiusos-cristasol-750-ml-cristasol/R-521002265/p
Limpieza Y Hogar,BORRADOR MAGICO D.LIMPIO 2 UND,"3,05 €","1,52 €/ud",https://www.carrefour.es/supermercado/limpiacristales-en-pistola-multiusos-cristasol-750-ml-cristasol/R-521002265/p
Limpieza Y Hogar,Gel para lavavajillas Oro frescor anti-olor con vinagre Somat 50 lavados.,"10,59 €","0,17 €/lavado",https://www.carrefour.es/supermercado/limpiador-de-vitroceramica-aroma-naranja-en-crema-ecologico-frosch-650-ml-frosch/R-617301618/p
Limpieza Y Hogar,Detergente líquido limpieza profunda frescor lavanda Wipp Express 50 lavados.,"2,50 €","0,21 €/lavado",https://www.carrefour.es/supermercado/limpiador-de-vitroceramica-aroma-naranja-en-crema-ecologico-frosch-650-ml-frosch/R-617301618/p
Limpieza Y Hogar,Ambientador lavavajillas aroma de corteza de limón y naranja Somat 1 ud.,"2,80 €","2,50 €/ud",https://www.carrefour.es/supermercado/ambientador-de-lavavajillas-aroma-limon-finish-1-ud-finish/R-521001525/p
Limpieza Y Hogar,Impregnador mopas spray Carrefour 750 ml.,"0,50 €","3,73 €/l",https://www.carrefour.es/supermercado/ambientador-de-lavavajillas-aroma-limon-finish-1-ud-finish/R-521001525/p
Limpieza Y Hogar,Suavizante concentrado aloe vera Mimosín 78 lavados.,"2,60 €","0,05 €/lavado",https://www.carrefour.es/supermercado/HuchaPromocion?promoId=huchaDisc420111
Limpieza Y Hogar,Ambientador lavanda 150 g.,"1,95 €","3,33 €/kg",https://www.carrefour.es/supermercado/gel-wc-ecualipto-ecologico-carefour-eco-planet-750-ml/R-VC4AECOMM-476716/p
Limpieza Y Hogar,Pack de 30 Pilas Alcalinas I-Tech Lr06 (Aa),"11,90 €","0,40 €/ud",https://www.carrefour.es/supermercado/pack-de-30-pilas-alcalinas-i-tech-lr06-aa-carrefour/R-613004710/p
Limpieza Y Hogar,Limpiador perfumado Volvone 750 ml.,"1,82 €","2,43 €/l",https://www.carrefour.es/supermercado/pack-de-30-pilas-alcalinas-i-tech-lr06-aa-carrefour/R-613004710/p
Limpieza Y Hogar,"Set de 2 Eco Estropajos con Esponja Vegetal ROZENBAL 2,6x6,9x11 cm","1,40 €","0,70 €/ud",https://www.carrefour.es/supermercado/promocion?promoId=promof2530125
Limpieza Y Hogar,Amoniaco perfumado con detergente Disiclin 750 ml.,"1,61 €","2,15 €/l",https://www.carrefour.es/supermercado/limpiador-perfumado-volvone-750-ml-volvone/R-590202421/p
Limpieza Y Hogar,Flor Suavizante Hiper Ahorro Nenuco 156 Lavados,"12,60 €","0,04 €/lavado",https://www.carrefour.es/supermercado/limpiador-perfumado-volvone-750-ml-volvone/R-590202421/p
Limpieza Y Hogar,Detergente líquido Active Clean Skip 74 lavados.,"11,70 €","0,17 €/lavado",https://www.carrefour.es/supermercado/set-de-2-eco-estropajos-con-esponja-vegetal-rozenbal-2-6x6-9x11-cm/R-VC4AECOMM-475973/p
Limpieza Y Hogar,Papel higiénico acolchado 3 capas Colhogar 24 rollos.,"1,83 €","0,49 €/ud",https://www.carrefour.es/supermercado/set-de-2-eco-estropajos-con-esponja-vegetal-rozenbal-2-6x6-9x11-cm/R-VC4AECOMM-475973/p
Limpieza Y Hogar,Limpiacristales con amoniaco Cristasol 1 l.,"1,48 €","1,83 €/l",https://www.carrefour.es/supermercado/amoniaco-perfumado-con-detergente-disiclin-750-ml-disiclin/R-780744887/p
Limpieza Y Hogar,Colgador WC líquido azul Carrefour pack de 3 unidades de 55 ml.,"1,65 €","8,97 €/l",https://www.carrefour.es/supermercado/amoniaco-perfumado-con-detergente-disiclin-750-ml-disiclin/R-780744887/p
Limpieza Y Hogar,Vela perfumada de vainilla Carrefour Essential 1 ud,"1,88 €","1,65 €/ud",https://www.carrefour.es/supermercado/flor-suavizante-hiper-ahorro-nenuco-156-lavados-flor/R-770612707/p
Limpieza Y Hogar,Pañuelos Scottex 18 ud.,"0,80 €","0,13 €/ud",https://www.carrefour.es/supermercado/flor-suavizante-hiper-ahorro-nenuco-156-lavados-flor/R-770612707/p
Limpieza Y Hogar,Pastillas de Encendido 32 ud.,"1,50 €","0,80 €/ud",https://www.carrefour.es/supermercado/HuchaPromocion?promoId=huchaDisc420136
Limpieza Y Hogar,2 Estropajos con esponja Carrefour - Blanca,"1,95 €","0,75 €/ud",https://www.carrefour.es/supermercado/detergente-liquido-active-clean-skip-74-lavados-skip/R-803482637/p
Limpieza Y Hogar,Pañuelos collection Kleenex 15 ud.,"11,70 €","0,13 €/ud",https://www.carrefour.es/supermercado/detergente-liquido-active-clean-skip-74-lavados-skip/R-803482637/p
Limpieza Y Hogar,Detergente líquido coladas mixtas Micolor 60 lavados.,"0,55 €","0,19 €/lavado",https://www.carrefour.es/supermercado/papel-higienico-acolchado-3-capas-colhogar-24-rollos/R-VC4AECOMM-423164/p
Limpieza Y Hogar,Absorbeolores para ropa limpia Carrefour 150 g.,"1,30 €","3,67 €/kg",https://www.carrefour.es/supermercado/papel-higienico-acolchado-3-capas-colhogar-24-rollos/R-VC4AECOMM-423164/p
Limpieza Y Hogar,Fregona Superabsorbente CARREFOUR HOME Spulance - Blanca,"4,20 €","1,30 €/ud",https://www.carrefour.es/supermercado/limpiacristales-con-amoniaco-cristasol-1-l-cristasol/R-521002247/p
Limpieza Y Hogar,Quitamanchas en gel ropa de color 4 Vanish Oxi-Action 900 ml.,"2,99 €","4,67 €/l",https://www.carrefour.es/supermercado/limpiacristales-con-amoniaco-cristasol-1-l-cristasol/R-521002247/p
Limpieza Y Hogar,Papel higiénico con leche de almendras Sensitive Scottex 6 rollos.,"2,50 €","0,50 €/ud",https://www.carrefour.es/supermercado/colgador-wc-liquido-azul-carrefour-pack-de-3-unidades-de-55-ml-carrefour/R-521001306/p
Limpieza Y Hogar,Lavavajillas a mano espuma activa Fairy 375 ml.,"4,20 €","6,67 €/l",https://www.carrefour.es/supermercado/colgador-wc-liquido-azul-carrefour-pack-de-3-unidades-de-55-ml-carrefour/R-521001306/p
Limpieza Y Hogar,Recogedor de pie Vileda - Rojo,"3,59 €","4,20 €/ud",https://www.carrefour.es/supermercado/vela-perfumada-de-vainilla-carrefour-essential-1-ud/R-VC4AECOMM-547696/p
Limpieza Y Hogar,Detergente líquido delicado a mano Norit 1125 ml.,"3,25 €","3,19 €/l",https://www.carrefour.es/supermercado/vela-perfumada-de-vainilla-carrefour-essential-1-ud/R-VC4AECOMM-547696/p
Limpieza Y Hogar,Suavizante concentrado frescor marino Vernel 76 lavados.,"9,99 €","0,04 €/lavado",https://www.carrefour.es/supermercado/panuelos-scottex-18-ud-scottex/R-616502021/p
Limpieza Y Hogar,Ambientador automático frutas en flor recambio Carrefour 1 ud.,"1,80 €","1,80 €/ud",https://www.carrefour.es/supermercado/ambientador-automatico-frutas-en-flor-recambio-carrefour-1-ud-carrefour/R-734811791/p
Limpieza Y Hogar,Lavavajillas máquina 0% en gel ecológico Calgonit Finish 60 lavados,"10,10 €","0,17 €/lavado",https://www.carrefour.es/supermercado/ambientador-automatico-frutas-en-flor-recambio-carrefour-1-ud-carrefour/R-734811791/p
Limpieza Y Hogar,Bolsas para bocadillos Carrefour 120 ud.,"2,40 €","2,40 €/ud",https://www.carrefour.es/supermercado/lavavajillas-maquina-0-en-gel-ecologico-calgonit-finish-60-lavados/R-VC4AECOMM-419605/p
Limpieza Y Hogar,Limpia lavadoras Colon 250 ml.,"2,39 €","14,80 €/l",https://www.carrefour.es/supermercado/lavavajillas-maquina-0-en-gel-ecologico-calgonit-finish-60-lavados/R-VC4AECOMM-419605/p
Limpieza Y Hogar,"Limpiador desinfectante Asevi 1,2 l.","2,50 €","1,99 €/l",https://www.carrefour.es/supermercado/HuchaPromocion?promoId=huchaDisc420111
Limpieza Y Hogar,Limpia máquinas intensivo Somat 250 ml.,"2,95 €","10,00 €/l",https://www.carrefour.es/supermercado/bolsas-para-bocadillos-carrefour-120-ud-carrefour/R-prod392802/p
Limpieza Y Hogar,Pastillas de Encendido 128 ud.,"1,99 €","0,02 €/ud",https://www.carrefour.es/supermercado/bolsas-para-bocadillos-carrefour-120-ud-carrefour/R-prod392802/p
Limpieza Y Hogar,3 Estropajos Classic Scotch Brite - Verde,"2,40 €","0,99 €/ud",https://www.carrefour.es/supermercado/limpia-lavadoras-colon-250-ml-colon/R-827510494/p
Limpieza Y Hogar,Limpiador de inodoros Pato 750 ml.,"1,95 €","3,20 €/l",https://www.carrefour.es/supermercado/limpia-lavadoras-colon-250-ml-colon/R-827510494/p
Limpieza Y Hogar,Bolsa de Basura Biodegradable Compostable ECOPLANET 30l 10 ud 55x60 cm,"6,95 €","0,19 €/ud",https://www.carrefour.es/supermercado/promocion?promoId=promof2530007
Limpieza Y Hogar,Pack de 12 Pilas Alcalinas I-Tech Carrefour Lr03 (Aaa),"3,10 €","0,58 €/ud",https://www.carrefour.es/supermercado/limpiador-desinfectante-asevi-1-2-l-asevi/R-prod80943/p
Limpieza Y Hogar,Detergente líquido Wipp Express 100 lavados.,"1,55 €","0,18 €/lavado",https://www.carrefour.es/supermercado/limpiador-desinfectante-asevi-1-2-l-asevi/R-prod80943/p
Limpieza Y Hogar,Detergente líquido marsella Omino Bianco 50 lavados.,"0,84 €","0,18 €/lavado",https://www.carrefour.es/supermercado/limpia-maquinas-intensivo-somat-250-ml-somat/R-551303149/p
Limpieza Y Hogar,Limpiador multiusos en gel aroma limón fresco Don Limpio 600 ml.,"7,36 €","4,75 €/l",https://www.carrefour.es/supermercado/limpia-maquinas-intensivo-somat-250-ml-somat/R-551303149/p
Limpieza Y Hogar,Set de Servilletas 2 capas de Celulosa RENOVA Rollo 500pz - Blancas,"3,95 €","3,10 €/ud",https://www.carrefour.es/supermercado/promocion?promoId=promof2530020
Limpieza Y Hogar,Quitamanchas ropa blanca en gel Oxy Power Carrefour 2 l.,"1,24 €","0,77 €/l",https://www.carrefour.es/supermercado/pastillas-de-encendido-128-ud-carrefour/R-803463841/p
Limpieza Y Hogar,Toallitas Limpiacristales Carrefour 20 ud.,"5,10 €","0,04 €/ud",https://www.carrefour.es/supermercado/pastillas-de-encendido-128-ud-carrefour/R-803463841/p
Limpieza Y Hogar,Lejía hogar densa Carrefour 2 l.,"0,87 €","0,43 €/l",https://www.carrefour.es/supermercado/lejia-hogar-densa-carrefour-2-l-carrefour/R-521008443/p
Limpieza Y Hogar,"Fregasuelos multi-desinfección Sanicentro 1,5 l.","2,09 €","1,39 €/l",https://www.carrefour.es/supermercado/lejia-hogar-densa-carrefour-2-l-carrefour/R-521008443/p
Limpieza Y Hogar,Suavizante concentrado oro y orquídea blanca Flor 72 lavados.,"4,01 €","0,06 €/lavado",https://www.carrefour.es/supermercado/fregasuelos-multi-desinfeccion-sanicentro-1-5-l-sanicentro/R-816856500/p
Limpieza Y Hogar,Elimina olores textil spray Sanytol 500 ml.,"3,95 €","7,90 €/l",https://www.carrefour.es/supermercado/fregasuelos-multi-desinfeccion-sanicentro-1-5-l-sanicentro/R-816856500/p
Limpieza Y Hogar,Detergente líquido ropa blanca y de color Edil 50 lavados.,"3,50 €","0,07 €/lavado",https://www.carrefour.es/supermercado/suavizante-concentrado-oro-y-orquidea-blanca-flor-72-lavados-flor/R-797608516/p
Limpieza Y Hogar,Ambientador automático Colonia recambio Carrefour 1 ud.,"1,80 €","7,20 €/l",https://www.carrefour.es/supermercado/suavizante-concentrado-oro-y-orquidea-blanca-flor-72-lavados-flor/R-797608516/p
Limpieza Y Hogar,Limpiador de baño con lejía Power Gel Cillit Bang 700 ml.,"3,00 €","4,29 €/l",https://www.carrefour.es/supermercado/promocion?promoId=promof2530035
Limpieza Y Hogar,Lavavajillas máquina Quantum Max Finish 75 ud.,"1,95 €","0,27 €/ud",https://www.carrefour.es/supermercado/elimina-olores-textil-spray-sanytol-500-ml-sanytol/R-prod840884/p
Limpieza Y Hogar,Limpia muebles Carrefour 750 ml.,"1,70 €","2,60 €/l",https://www.carrefour.es/supermercado/elimina-olores-textil-spray-sanytol-500-ml-sanytol/R-prod840884/p
Limpieza Y Hogar,Set de 3 Bayetas Microfibra Pequeñas ROZENBAL 32x32 cm - Surtido,"1,99 €","0,57 €/ud",https://www.carrefour.es/supermercado/detergente-liquido-ropa-blanca-y-de-color-edil-50-lavados-edil/R-prod440115/p
Limpieza Y Hogar,Duplo Fregona CARREFOUR - Amarillo,"0,65 €","0,99 €/ud",https://www.carrefour.es/supermercado/detergente-liquido-ropa-blanca-y-de-color-edil-50-lavados-edil/R-prod440115/p
Limpieza Y Hogar,Papel higiénico húmedo aloe vera Carrefour 15 ud.,"3,40 €","0,04 €/ud",https://www.carrefour.es/supermercado/ambientador-automatico-colonia-recambio-carrefour-1-ud-carrefour/R-736419784/p
Limpieza Y Hogar,Detergente líquido Dixan Total 100 lavados.,"3,29 €","0,14 €/lavado",https://www.carrefour.es/supermercado/ambientador-automatico-colonia-recambio-carrefour-1-ud-carrefour/R-736419784/p
Limpieza Y Hogar,Palo universal antideslizante Vileda - Rojo,"3,80 €","3,40 €/ud",https://www.carrefour.es/supermercado/limpiador-de-bano-con-lejia-power-gel-cillit-bang-700-ml-cillit-bang/R-556601364/p
Limpieza Y Hogar,Papel de horno en hojas Albal 16 ud.,"3,10 €","0,21 €/ud",https://www.carrefour.es/supermercado/limpiador-de-bano-con-lejia-power-gel-cillit-bang-700-ml-cillit-bang/R-556601364/p
Limpieza Y Hogar,Limpiamáquinas en pastillas Finish 3 ud.,"1,99 €","1,27 €/ud",https://www.carrefour.es/supermercado/lavavajillas-maquina-quantum-max-finish-75-ud-finish/R-prod1170160/p
Limpieza Y Hogar,Ambientador varillas flor de jazmín Carrefour 45 ml.,"2,65 €","3,10 €/ud",https://www.carrefour.es/supermercado/lavavajillas-maquina-quantum-max-finish-75-ud-finish/R-prod1170160/p
Limpieza Y Hogar,Papel higiénico ecológico Carrefour Eco Planet 4 rollos.,"2,10 €","0,50 €/ud",https://www.carrefour.es/supermercado/HuchaPromocion?promoId=huchaDisc420111
Limpieza Y Hogar,Lejía y desengrasante en spray mousse perfume fresco Ace 700 ml.,"2,10 €","3,79 €/l",https://www.carrefour.es/supermercado/limpia-muebles-carrefour-750-ml-carrefour/R-fprod1460513/p
Limpieza Y Hogar,Limpia máquinas limón Finish 250 ml.,"0,99 €","19,20 €/l",https://www.carrefour.es/supermercado/limpia-muebles-carrefour-750-ml-carrefour/R-fprod1460513/p
Limpieza Y Hogar,Lavavajillas mano hipoalergénico ecológico Frosch 750 ml.,"2,30 €","3,07 €/l",https://www.carrefour.es/supermercado/lavavajillas-mano-hipoalergenico-ecologico-frosch-750-ml-frosch/R-600805313/p
Limpieza Y Hogar,"Amoniaco uso general Lagarto 1,5 l.","1,06 €","0,71 €/l",https://www.carrefour.es/supermercado/lavavajillas-mano-hipoalergenico-ecologico-frosch-750-ml-frosch/R-600805313/p
Limpieza Y Hogar,Colgador WC blue activ floral Bref 2 ud.,"3,78 €","3,78 €/kg",https://www.carrefour.es/supermercado/amoniaco-uso-general-lagarto-1-5-l/R-VC4AECOMM-492112/p
Limpieza Y Hogar,Lavavajillas a mano desengrasante limón Carrefour Expert 1 l.,"1,43 €","1,43 €/l",https://www.carrefour.es/supermercado/amoniaco-uso-general-lagarto-1-5-l/R-VC4AECOMM-492112/p
Limpieza Y Hogar,"Palo Antideslizante de Acero CARREFOUR 2,2x2,2x140 cm","1,50 €","1,50 €/ud",https://www.carrefour.es/supermercado/colgador-wc-blue-activ-floral-bref-2-ud-bref/R-prod222080/p
Limpieza Y Hogar,Toallitas multiusos aroma cítricos Carrefour 40 ud.,"0,99 €","0,02 €/ud",https://www.carrefour.es/supermercado/colgador-wc-blue-activ-floral-bref-2-ud-bref/R-prod222080/p
Limpieza Y Hogar,Guante Desechable Vinilo SPONTEX Protect Talla 8 100 ud,"11,95 €","11,95 €/ud",https://www.carrefour.es/supermercado/HuchaPromocion?promoId=huchaDisc420114
Limpieza Y Hogar,Detergente en cápsulas expert Carrefour 30 ud.,"5,40 €","0,18 €/ud",https://www.carrefour.es/supermercado/lavavajillas-a-mano-desengrasante-limon-carrefour-expert-1-l-carrefour/R-prod80604/p
Limpieza Y Hogar,Cajas de Fósforos medianos,"1,00 €","0,33 €/ud",https://www.carrefour.es/supermercado/lavavajillas-a-mano-desengrasante-limon-carrefour-expert-1-l-carrefour/R-prod80604/p
Limpieza Y Hogar,2 Bayetas Multiusos Suave Antibacterias odor stop VILEDA - Amarilla,"2,50 €","1,25 €/ud",https://www.carrefour.es/supermercado/palo-antideslizante-de-acero-carrefour-2-2x2-2x140-cm-carrefour/R-655302066/p
Limpieza Y Hogar,Detergente liquido para la ropa de bebe Frosch Baby 21 Lavados,"6,20 €","0,30 €/lavado",https://www.carrefour.es/supermercado/palo-antideslizante-de-acero-carrefour-2-2x2-2x140-cm-carrefour/R-655302066/p
Limpieza Y Hogar,Quitamanchas en polvo sin lejia oxigeno activo Mimidu 900 g.,"2,09 €","2,09 €/kg",https://www.carrefour.es/supermercado/toallitas-multiusos-aroma-citricos-carrefour-40-ud-carrefour/R-696105242/p
Limpieza Y Hogar,AGUA PERFUMADA PLANCHADO1L CRF,"0,65 €","0,65 €/l",https://www.carrefour.es/supermercado/toallitas-multiusos-aroma-citricos-carrefour-40-ud-carrefour/R-696105242/p
Limpieza Y Hogar,Antical para lavadoras en gel Carrefour 750 ml.,"2,10 €","2,80 €/l",https://www.carrefour.es/supermercado/guante-desechable-vinilo-spontex-protect-talla-8-100-ud/R-VC4AECOMM-551162/p
Limpieza Y Hogar,Fregona de microfibra y algodón VILEDA - Blanco,"4,20 €","4,20 €/ud",https://www.carrefour.es/supermercado/guante-desechable-vinilo-spontex-protect-talla-8-100-ud/R-VC4AECOMM-551162/p
Limpieza Y Hogar,Detergente a mano lana y ropa delicada Carrefour Expert 30 lavados.,"1,89 €","1,89 €/l",https://www.carrefour.es/supermercado/promocion?promoId=promof2520035
Limpieza Y Hogar,"Detergente líquido concentrado jabón natural ecológico Frosch 1,5 l.","6,05 €","4,03 €/l",https://www.carrefour.es/supermercado/detergente-en-capsulas-expert-carrefour-30-ud-carrefour/R-prod820311/p
Limpieza Y Hogar,15 Bolsas de basura Ultra Resistentes Handy Bag 30 Litros - Gris,"2,99 €","0,20 €/ud",https://www.carrefour.es/supermercado/detergente-en-capsulas-expert-carrefour-30-ud-carrefour/R-prod820311/p
Limpieza Y Hogar,Escoba de interior antichoque Carrefour - Gris,"3,50 €","3,50 €/ud",https://www.carrefour.es/supermercado/cajas-de-fosforos-medianos-tres-estrellas/R-prod64283/p
Limpieza Y Hogar,Lavavajillas a mano espuma activa Fairy 375 ml.,"2,75 €","7,33 €/l",https://www.carrefour.es/supermercado/cajas-de-fosforos-medianos-tres-estrellas/R-prod64283/p
Limpieza Y Hogar,Quitamanchas en spray Vanish OxiAction 750 ml.,"4,00 €","8,00 €/l",https://www.carrefour.es/supermercado/2-bayetas-multiusos-suave-antibacterias-odor-stop-vileda-amarilla-vileda/R-825812424/p
Limpieza Y Hogar,"Suavizante concentrado Elixir Azul Flor 1,2 l.","3,85 €","3,21 €/l",https://www.carrefour.es/supermercado/2-bayetas-multiusos-suave-antibacterias-odor-stop-vileda-amarilla-vileda/R-825812424/p
Limpieza Y Hogar,Estropajos Jabonosos AJAX 7 ud,"1,60 €","0,23 €/ud",https://www.carrefour.es/supermercado/detergente-liquido-para-la-ropa-de-bebe-frosch-baby-21-lavados-frosch/R-801540499/p
Limpieza Y Hogar,Antihumedad recambio Carrefour 1 ud.,"1,99 €","1,99 €/ud",https://www.carrefour.es/supermercado/detergente-liquido-para-la-ropa-de-bebe-frosch-baby-21-lavados-frosch/R-801540499/p
Limpieza Y Hogar,Lavavajillas Todo en 1 aroma limón en cápsulas Carrefour 60 ud.,"7,85 €","0,13 €/lavado",https://www.carrefour.es/supermercado/lavavajillas-todo-en-1-aroma-limon-en-capsulas-carrefour-60-ud-carrefour/R-prod490161/p
Limpieza Y Hogar,"Pilas Alcalinas Duracell Simply AA, paquete de 16","10,50 €","0,66 €/ud",https://www.carrefour.es/supermercado/lavavajillas-todo-en-1-aroma-limon-en-capsulas-carrefour-60-ud-carrefour/R-prod490161/p
Limpieza Y Hogar,Quitamanchas blanqueador en polvo Vanish Oxi Advance 400 g.,"6,20 €","15,50 €/kg",https://www.carrefour.es/supermercado/pilas-alcalinas-duracell-simply-aa-paquete-de-16/R-prod880413/p
Limpieza Y Hogar,Detergente liquido aloe vera Skip 100 lavados.,"16,25 €","0,16 €/lavado",https://www.carrefour.es/supermercado/pilas-alcalinas-duracell-simply-aa-paquete-de-16/R-prod880413/p
Limpieza Y Hogar,Bolsas para bocadillos de 17x24 cm. Albal 50 ud.,"1,51 €","0,03 €/ud",https://www.carrefour.es/supermercado/promocion?promoId=promof2530125
Limpieza Y Hogar,"Pilas Alcalinas Duracell Simply AAA, paquete de 16","10,50 €","0,66 €/ud",https://www.carrefour.es/supermercado/quitamanchas-blanqueador-en-polvo-vanish-oxi-advance-400-g/R-VC4AECOMM-550397/p
Limpieza Y Hogar,Gel para lavavajillas todo en uno aroma lima y limón Somat 60 lavados.,"9,05 €","0,15 €/lavado",https://www.carrefour.es/supermercado/quitamanchas-blanqueador-en-polvo-vanish-oxi-advance-400-g/R-VC4AECOMM-550397/p
Limpieza Y Hogar,Limpiador de inodoro desincrustante anti-cal Pato 750 ml.,"2,15 €","2,87 €/l",https://www.carrefour.es/supermercado/detergente-liquido-aloe-vera-skip-100-lavados/R-VC4AECOMM-553328/p
Limpieza Y Hogar,Recogedor Plegable Carrefour - Gris,"3,99 €","3,99 €/ud",https://www.carrefour.es/supermercado/detergente-liquido-aloe-vera-skip-100-lavados/R-VC4AECOMM-553328/p
Limpieza Y Hogar,Limpiador de vitrocerámica en crema Vitroclen pack de 2 unidades de 450 ml.,"9,41 €","10,46 €/l",https://www.carrefour.es/supermercado/bolsas-para-bocadillos-de-17x24-cm-albal-50-ud-albal/R-521012234/p
Limpieza Y Hogar,Limpiador de cocinas ultrapotente Carrefour 750 ml.,"1,50 €","2,00 €/l",https://www.carrefour.es/supermercado/bolsas-para-bocadillos-de-17x24-cm-albal-50-ud-albal/R-521012234/p
Limpieza Y Hogar,Detergente en polvo Ariel 60 lavados.,"13,45 €","0,22 €/lavado",https://www.carrefour.es/supermercado/pilas-alcalinas-duracell-simply-aaa-paquete-de-16/R-prod880622/p
Limpieza Y Hogar,Limpiacristales 3 en 1 con amoniaco Carrefour 1 l.,"0,99 €","0,99 €/l",https://www.carrefour.es/supermercado/pilas-alcalinas-duracell-simply-aaa-paquete-de-16/R-prod880622/p
Limpieza Y Hogar,Limpiador de vitrocerámica pistola Vitroclen 450 ml.,"6,85 €","15,22 €/l",https://www.carrefour.es/supermercado/promocion?promoId=promof2530125
Limpieza Y Hogar,Limpiamuebles en spray aloe vera Pronto 500 ml.,"3,60 €","7,20 €/l",https://www.carrefour.es/supermercado/gel-para-lavavajillas-todo-en-uno-aroma-lima-y-limon-somat-60-lavados-somat/R-fprod1260419/p
Limpieza Y Hogar,Quitamanchas spray Vanish OxiAction 500 ml.,"4,35 €","8,70 €/l",https://www.carrefour.es/supermercado/gel-para-lavavajillas-todo-en-uno-aroma-lima-y-limon-somat-60-lavados-somat/R-fprod1260419/p
Limpieza Y Hogar,Fregona Hilo Superabsorbente KH7 - Blanco,"1,95 €","1,99 €/ud",https://www.carrefour.es/supermercado/promocion?promoId=promof2530020
Limpieza Y Hogar,Caja de pañuelos Ultrasoft Kleenex 80 ud.,"1,20 €","0,02 €/ud",https://www.carrefour.es/supermercado/limpiador-de-inodoro-desincrustante-anti-cal-pato-750-ml-pato/R-prod392217/p
Limpieza Y Hogar,Bayeta Posavajillas Viscosa ROZENBAL 50X38 cm - Decorada,"10,50 €","1,20 €/ud",https://www.carrefour.es/supermercado/limpiador-de-inodoro-desincrustante-anti-cal-pato-750-ml-pato/R-prod392217/p
Limpieza Y Hogar,Detergente en polvo Active Clean Skip 50 cacitos.,"10,30 €","0,21 €/lavado",https://www.carrefour.es/supermercado/promocion?promoId=promof2530026
Limpieza Y Hogar,Detergente líquido higiene Colon 40 lavados.,"8,60 €","0,26 €/lavado",https://www.carrefour.es/supermercado/recogedor-plegable-carrefour-gris-carrefour/R-834406413/p
Limpieza Y Hogar,Quitamanchas ropa blanca en polvo 5 Vanish Oxi-Action 900 g.,"9,60 €","9,56 €/kg",https://www.carrefour.es/supermercado/recogedor-plegable-carrefour-gris-carrefour/R-834406413/p
Limpieza Y Hogar,10 Bolsas Basura CARREFOUR 100 Litros - Verde,"2,20 €","0,22 €/ud",https://www.carrefour.es/supermercado/10-bolsas-basura-carrefour-100-litros-verde-carrefour/R-prod280805/p
Limpieza Y Hogar,"Quitamanchas líquido Oxy Blanco puro Neutrex 1,6 l.","3,50 €","2,19 €/l",https://www.carrefour.es/supermercado/10-bolsas-basura-carrefour-100-litros-verde-carrefour/R-prod280805/p
Limpieza Y Hogar,Lavavajillas a máquina platinum plus aroma limón Todo en 1 en cápsulas Fairy 37 ud.,"13,40 €","0,36 €/ud",https://www.carrefour.es/supermercado/quitamanchas-liquido-oxy-blanco-puro-neutrex-1-6-l-neutrex/R-803482653/p
Limpieza Y Hogar,Limpiador de amoniaco con detergente,"0,95 €","0,63 €/l",https://www.carrefour.es/supermercado/quitamanchas-liquido-oxy-blanco-puro-neutrex-1-6-l-neutrex/R-803482653/p
Limpieza Y Hogar,Bolsas para asar al horno y microondas Carrefour 8 ud.,"1,11 €","0,14 €/ud",https://www.carrefour.es/supermercado/lavavajillas-a-maquina-platinum-plus-aroma-limon-todo-en-1-en-capsulas-fairy-37-ud-fairy/R-prod1070449/p
Limpieza Y Hogar,Higienizante para textil Sanicentro 1 l.,"2,90 €","2,90 €/l",https://www.carrefour.es/supermercado/lavavajillas-a-maquina-platinum-plus-aroma-limon-todo-en-1-en-capsulas-fairy-37-ud-fairy/R-prod1070449/p
Limpieza Y Hogar,Abrillantador de lavavajillas aroma limón Finish 500 ml.,"5,30 €","10,60 €/l",https://www.carrefour.es/supermercado/HuchaPromocion?promoId=huchaDisc420110
Limpieza Y Hogar,Toallitas Suelos Marsella desechables Carrefour 15 ud.,"1,20 €","0,08 €/ud",https://www.carrefour.es/supermercado/limpiador-de-amoniaco-con-detergente-disiclin/R-prod261891/p
Limpieza Y Hogar,Limpiador concentrado para madera Las 3 Brujas 1 l.,"3,10 €","3,10 €/l",https://www.carrefour.es/supermercado/limpiador-de-amoniaco-con-detergente-disiclin/R-prod261891/p
Limpieza Y Hogar,Ambientador absorbe olores spray Carrefour 500 ml.,"1,95 €","3,90 €/l",https://www.carrefour.es/supermercado/bolsas-para-asar-al-horno-y-microondas-carrefour-8-ud-carrefour/R-fprod1330018/p
Limpieza Y Hogar,Bolsas multiusos con cierre cremallera Zipper 3l. Albal 8 ud.,"2,30 €","0,29 €/ud",https://www.carrefour.es/supermercado/bolsas-para-asar-al-horno-y-microondas-carrefour-8-ud-carrefour/R-fprod1330018/p
Limpieza Y Hogar,Quitamanchas en polvo Oxi Power Carrefour 1 kg.,"2,90 €","2,90 €/kg",https://www.carrefour.es/supermercado/higienizante-para-textil-sanicentro-1-l/R-VC4AECOMM-436289/p
Limpieza Y Hogar,Suavizante concentrado talco Carrefour 160 lavados.,"3,20 €","0,02 €/lavado",https://www.carrefour.es/supermercado/higienizante-para-textil-sanicentro-1-l/R-VC4AECOMM-436289/p
Limpieza Y Hogar,Detergente líquido para toda la ropa Perlan 25 lavados.,"4,75 €","0,19 €/lavado",https://www.carrefour.es/supermercado/abrillantador-de-lavavajillas-aroma-limon-finish-500-ml-finish/R-803482517/p
Limpieza Y Hogar,Set de 75 Servilletas 2 capas de Celulosa RENOVA BLK 75pz - Blancas,"2,10 €","0,03 €/ud",https://www.carrefour.es/supermercado/abrillantador-de-lavavajillas-aroma-limon-finish-500-ml-finish/R-803482517/p
Limpieza Y Hogar,Papel higiénico húmedo con aloe vera Sensitive Scottex 66 ud.,"2,90 €","0,04 €/ud",https://www.carrefour.es/supermercado/HuchaPromocion?promoId=huchaDisc420111
Limpieza Y Hogar,"Rodillo Quitapelusas Adhesivo Ergonómico ROZENBAL 4,5x4,5x23,5 cm","1,65 €","1,65 €/ud",https://www.carrefour.es/supermercado/toallitas-suelos-marsella-desechables-carrefour-15-ud-carrefour/R-692704448/p
Limpieza Y Hogar,Bloc wc 1 ud.,"0,86 €","0,21 €/ud",https://www.carrefour.es/supermercado/toallitas-suelos-marsella-desechables-carrefour-15-ud-carrefour/R-692704448/p
Limpieza Y Hogar,Suavizante concentrado colonia Carrefour 160 lavados.,"4,20 €","0,02 €/lavado",https://www.carrefour.es/supermercado/limpiador-concentrado-para-madera-las-3-brujas-1-l-las-3-brujas/R-808943516/p
Limpieza Y Hogar,Suavizante concentrado flor de naranjo y hojas cítricas ecológico Botanical Origin 45 lavados.,"3,20 €","0,09 €/lavado",https://www.carrefour.es/supermercado/limpiador-concentrado-para-madera-las-3-brujas-1-l-las-3-brujas/R-808943516/p
Limpieza Y Hogar,15 Bolsas de basura Elásticas Handy Bag 30 Litros - Gris,"2,90 €","0,21 €/ud",https://www.carrefour.es/supermercado/ambientador-absorbe-olores-spray-carrefour-500-ml-carrefour/R-prod550019/p
Limpieza Y Hogar,Papel higiénico húmedo Junior Jumbo Scottex 76 ud.,"1,48 €","0,03 €/ud",https://www.carrefour.es/supermercado/ambientador-absorbe-olores-spray-carrefour-500-ml-carrefour/R-prod550019/p
Limpieza Y Hogar,Limpia polvo clorex Vim 750 g.,"1,50 €","1,97 €/kg",https://www.carrefour.es/supermercado/bolsas-multiusos-con-cierre-cremallera-zipper-3l-albal-8-ud-albal/R-768503570/p
Limpieza Y Hogar,Quitagrasas cocina limón Tenn 500 ml.,"2,39 €","4,78 €/l",https://www.carrefour.es/supermercado/quitagrasas-cocina-limon-tenn-500-ml-tenn/R-873118542/p
Limpieza Y Hogar,Abrillantador para lavavajillas anti olor Somat 500 ml.,"3,15 €","6,30 €/l",https://www.carrefour.es/supermercado/quitagrasas-cocina-limon-tenn-500-ml-tenn/R-873118542/p
Limpieza Y Hogar,Fregasuelos Concentrado Citrico Carrefour 1 l.,"1,60 €","1,60 €/l",https://www.carrefour.es/supermercado/abrillantador-para-lavavajillas-anti-olor-somat-500-ml-somat/R-fprod1340026/p
Limpieza Y Hogar,Limpiador de baño antical desinfectante Las 3 Brujas 750 ml.,"2,95 €","3,93 €/l",https://www.carrefour.es/supermercado/abrillantador-para-lavavajillas-anti-olor-somat-500-ml-somat/R-fprod1340026/p
Limpieza Y Hogar,Colgador WC Fresh Ocean Carrefour 2 ud.,"1,79 €","0,89 €/ud",https://www.carrefour.es/supermercado/promocion?promoId=promof2530020
Limpieza Y Hogar,Suavizante concentrado frescor de primavera Lenor 70 lavados.,"3,25 €","0,05 €/lavado",https://www.carrefour.es/supermercado/fregasuelos-concentrado-citrico-carrefour-1-l-carrefour/R-prod61867/p
Limpieza Y Hogar,Quitamanchas en polvo Vanish 600 g.,"2,05 €","3,42 €/kg",https://www.carrefour.es/supermercado/fregasuelos-concentrado-citrico-carrefour-1-l-carrefour/R-prod61867/p
Limpieza Y Hogar,Fregasuelos concentrado multi superficies super perfumado multiusos aroma gold Disiclin 1000 ml.,"1,99 €","1,99 €/l",https://www.carrefour.es/supermercado/limpiador-de-bano-antical-desinfectante-las-3-brujas-750-ml-las-3-brujas/R-808943518/p
Limpieza Y Hogar,"Limpiador higiene aroma fresco eucalipto Don Limpio 1,3 l.","2,60 €","2,00 €/l",https://www.carrefour.es/supermercado/limpiador-de-bano-antical-desinfectante-las-3-brujas-750-ml-las-3-brujas/R-808943518/p
Limpieza Y Hogar,Quitagrasas aroma limón KH-7 900 ml.,"3,69 €","0,92 €/100g",https://www.carrefour.es/supermercado/colgador-wc-fresh-ocean-carrefour-2-ud/R-VC4AECOMM-422658/p
Limpieza Y Hogar,Ambientador vainilla Carrefour 300 ml.,"0,90 €","3,00 €/l",https://www.carrefour.es/supermercado/colgador-wc-fresh-ocean-carrefour-2-ud/R-VC4AECOMM-422658/p
Limpieza Y Hogar,Ambientador absorbe olores para el frigorífico Croc Odor 1 ud.,"2,40 €","2,40 €/ud",https://www.carrefour.es/supermercado/suavizante-concentrado-frescor-de-primavera-lenor-70-lavados-lenor/R-prod261607/p
Limpieza Y Hogar,Limpiador desinfectante sin lejía Disiclin 750 ml,"2,30 €","3,07 €/l",https://www.carrefour.es/supermercado/suavizante-concentrado-frescor-de-primavera-lenor-70-lavados-lenor/R-prod261607/p
Limpieza Y Hogar,Discos activos inodoros aroma lima recambio Pato 1 ud.,"2,75 €","2,75 €/ud",https://www.carrefour.es/supermercado/quitamanchas-en-polvo-vanish-600-g-vanish/R-prod310790/p
Limpieza Y Hogar,Ambientador automático Frescor Cítrico recambio Carrefour 1 ud.,"1,80 €","1,80 €/ud",https://www.carrefour.es/supermercado/quitamanchas-en-polvo-vanish-600-g-vanish/R-prod310790/p
Limpieza Y Hogar,Amoniaco muy fuerte con detergente Carrefour 750 ml.,"1,20 €","1,60 €/l",https://www.carrefour.es/supermercado/fregasuelos-concentrado-multi-superficies-super-perfumado-multiusos-aroma-gold-disiclin-1000-ml-disiclin/R-prod870631/p
Limpieza Y Hogar,"Pañuelos balsam con aloe vera, vitamina E & calendula Kleenex 80 ud.","1,80 €","0,02 €/ud",https://www.carrefour.es/supermercado/fregasuelos-concentrado-multi-superficies-super-perfumado-multiusos-aroma-gold-disiclin-1000-ml-disiclin/R-prod870631/p
Limpieza Y Hogar,Suavizante concentrado jazmín fresco y lavanda silvestre ecológico Botanical Origin 45 lavados.,"0,90 €","0,08 €/lavado",https://www.carrefour.es/supermercado/limpiador-higiene-aroma-fresco-eucalipto-don-limpio-1-3-l/R-VC4AECOMM-517199/p
Limpieza Y Hogar,Ambientador aerosol fantasy Splash 300 ml.,"1,65 €","3,00 €/l",https://www.carrefour.es/supermercado/limpiador-higiene-aroma-fresco-eucalipto-don-limpio-1-3-l/R-VC4AECOMM-517199/p
Limpieza Y Hogar,Vela perfumada canela Carrefour Essential 1 ud.,"5,15 €","1,65 €/ud",https://www.carrefour.es/supermercado/HuchaPromocion?promoId=huchaDisc420127
Limpieza Y Hogar,Papel de cocina Jumbo Scottex 2 rollos.,"3,85 €","2,57 €/ud",https://www.carrefour.es/supermercado/quitagrasas-aroma-limon-kh-7-900-ml-kh-7/R-prod780145/p
Limpieza Y Hogar,"Suavizante concentrado Elixir Sensorial Flor 1,2 l.","3,95 €","3,21 €/l",https://www.carrefour.es/supermercado/quitagrasas-aroma-limon-kh-7-900-ml-kh-7/R-prod780145/p
Limpieza Y Hogar,Lavavajillas a mano Aloe Vera Mistol 650 ml.,"1,47 €","2,26 €/l",https://www.carrefour.es/supermercado/lavavajillas-a-mano-aloe-vera-mistol-650-ml-mistol/R-594401905/p
Limpieza Y Hogar,Limpiador cocinas desinfectante limón Lysol 500 ml.,"2,15 €","4,30 €/l",https://www.carrefour.es/supermercado/lavavajillas-a-mano-aloe-vera-mistol-650-ml-mistol/R-594401905/p
Limpieza Y Hogar,LIMP.KH7 HIG.TOTAL ANTIC.P 750,"3,20 €","4,27 €/l",https://www.carrefour.es/supermercado/limpiador-cocinas-desinfectante-limon-lysol-500-ml/R-VC4AECOMM-569546/p
Limpieza Y Hogar,Detergente en cápsulas ultra oxi effect Ariel 22 ud.,"3,00 €","0,35 €/ud",https://www.carrefour.es/supermercado/limpiador-cocinas-desinfectante-limon-lysol-500-ml/R-VC4AECOMM-569546/p
Limpieza Y Hogar,Desodorante desinfectante Sanytol 150 ml.,"2,85 €","20,00 €/l",https://www.carrefour.es/supermercado/HuchaPromocion?promoId=huchaDisc420125
Limpieza Y Hogar,Limpiador de baño Cif 750 ml.,"4,01 €","3,80 €/l",https://www.carrefour.es/supermercado/limpkh7-higtotal-anticp-750-kh-7/R-530362818/p
Limpieza Y Hogar,Suavizante concentrado rubí y pétalos de jazmín Flor 72 lavados.,"4,45 €","0,06 €/lavado",https://www.carrefour.es/supermercado/limpkh7-higtotal-anticp-750-kh-7/R-530362818/p
Limpieza Y Hogar,Toallitas para secadoras Flor 40 ud.,"2,20 €","0,11 €/lavado",https://www.carrefour.es/supermercado/detergente-en-capsulas-ultra-oxi-effect-ariel-22-ud/R-VC4AECOMM-426731/p
Limpieza Y Hogar,3 Bayetas Multiusos Multifacil Spontex - Amarilla,"3,12 €","1,10 €/ud",https://www.carrefour.es/supermercado/detergente-en-capsulas-ultra-oxi-effect-ariel-22-ud/R-VC4AECOMM-426731/p
Limpieza Y Hogar,"Fregasuelos con lejia y detergente pino Estrella 2,7 l.","14,25 €","1,16 €/l",https://www.carrefour.es/supermercado/promocion?promoId=promof2530006
Limpieza Y Hogar,Gel para lavavajillas Oro frescor anti-olor con vinagre Somat pack de 2 unidades de 50 lavados.,"2,39 €","0,14 €/lavado",https://www.carrefour.es/supermercado/desodorante-desinfectante-sanytol-150-ml-sanytol/R-826752082/p
Limpieza Y Hogar,Suavizante concentrado flor de algodón ecológico Frosch 31 lavados.,"1,65 €","0,08 €/lavado",https://www.carrefour.es/supermercado/desodorante-desinfectante-sanytol-150-ml-sanytol/R-826752082/p
Limpieza Y Hogar,Vela perfumada jazmín Carrefour Essential 1 ud.,"1,64 €","1,65 €/ud",https://www.carrefour.es/supermercado/limpiador-de-bano-cif-750-ml-cif/R-824651577/p
Limpieza Y Hogar,Tissues Cream 4 capas Foxy 75 ud.,"8,30 €","0,02 €/ud",https://www.carrefour.es/supermercado/limpiador-de-bano-cif-750-ml-cif/R-824651577/p
Limpieza Y Hogar,Detergente liquido obtimal clean expert Carrefour 76 lavados.,"5,99 €","0,11 €/lavado",https://www.carrefour.es/supermercado/HuchaPromocion?promoId=huchaDisc420123
Limpieza Y Hogar,Ambientador eléctrico Sky recambio Ambipur 2 ud.,"4,00 €","2,99 €/ud",https://www.carrefour.es/supermercado/suavizante-concentrado-rubi-y-petalos-de-jazmin-flor-72-lavados-flor/R-797608518/p
Limpieza Y Hogar,Fregona Multiusos 100% Microfibras VILEDA - Rosa,"1,35 €","4,00 €/ud",https://www.carrefour.es/supermercado/suavizante-concentrado-rubi-y-petalos-de-jazmin-flor-72-lavados-flor/R-797608518/p
Limpieza Y Hogar,Limpiahogar multisuperficies con oxígeno activo Chubb 1 l.,"17,75 €","1,35 €/l",https://www.carrefour.es/supermercado/promocion?promoId=promof2530035
Limpieza Y Hogar,Lavavajillas máquina platinum Todo en 1 en cápsulas Fairy 63 ud.,"2,49 €","0,30 €/lavado",https://www.carrefour.es/supermercado/toallitas-para-secadoras-flor-40-ud-flor/R-521001687/p
Limpieza Y Hogar,Tissues Mega 2 capas Foxy 200 ud.,"2,10 €","0,01 €/ud",https://www.carrefour.es/supermercado/toallitas-para-secadoras-flor-40-ud-flor/R-521001687/p
Limpieza Y Hogar,Desengrasante multiusos Nuca Max El Milagrito 1 l.,"5,55 €","2,10 €/l",https://www.carrefour.es/supermercado/3-bayetas-multiusos-multifacil-spontex-amarilla-spontex/R-783909236/p
Limpieza Y Hogar,Perfume para la ropa en perlas concentrado spring Unstoppables Lenor 210 g.,"0,90 €","26,43 €/kg",https://www.carrefour.es/supermercado/3-bayetas-multiusos-multifacil-spontex-amarilla-spontex/R-783909236/p
Limpieza Y Hogar,Ambientador aerosol floral Carrefour 300 ml.,"13,50 €","3,00 €/l",https://www.carrefour.es/supermercado/HuchaPromocion?promoId=huchaDisc420148
Limpieza Y Hogar,Ambientador mecha frutos rojos Carrefour 375 ml.,"1,20 €","3,20 €/l",https://www.carrefour.es/supermercado/ambientador-mecha-frutos-rojos-carrefour-375-ml-carrefour/R-520660432/p
Limpieza Y Hogar,4 Estropajos fibra Carrefour - Verde,"1,00 €","0,25 €/ud",https://www.carrefour.es/supermercado/ambientador-mecha-frutos-rojos-carrefour-375-ml-carrefour/R-520660432/p
Limpieza Y Hogar,Toallitas captura colores Protect Iberia 15 ud.,"2,95 €","0,20 €/ud",https://www.carrefour.es/supermercado/4-estropajos-fibra-carrefour-verde-carrefour/R-609302122/p
Limpieza Y Hogar,Ambientador automático relaxing zen recambio Glade Sense & Spray 2 ud.,"4,45 €","4,45 €/ud",https://www.carrefour.es/supermercado/4-estropajos-fibra-carrefour-verde-carrefour/R-609302122/p
Limpieza Y Hogar,Suavizante concentrado caricias Mimosín 166 lavados.,"6,80 €","0,04 €/lavado",https://www.carrefour.es/supermercado/toallitas-captura-colores-protect-iberia-15-ud-iberia/R-prod700485/p
Limpieza Y Hogar,Detergente líquido oscuros intensos Micolor 30 lavados.,"6,55 €","0,22 €/lavado",https://www.carrefour.es/supermercado/toallitas-captura-colores-protect-iberia-15-ud-iberia/R-prod700485/p
Limpieza Y Hogar,Limpiador de inducción Indu Clen 450 ml.,"7,60 €","16,89 €/l",https://www.carrefour.es/supermercado/ambientador-automatico-relaxing-zen-recambio-glade-sense-spray-2-ud-glade-by-brise/R-784529343/p
Limpieza Y Hogar,Ambientador aerosol colonia infantil Splash 300 ml.,"0,90 €","3,00 €/l",https://www.carrefour.es/supermercado/ambientador-automatico-relaxing-zen-recambio-glade-sense-spray-2-ud-glade-by-brise/R-784529343/p
Limpieza Y Hogar,Quitamanchas en polvo Oxy White Carrefour 1 kg.,"2,90 €","2,90 €/kg",https://www.carrefour.es/supermercado/promocion?promoId=promof2540001
Limpieza Y Hogar,Colgador WC Blue Activ Bref 2 ud.,"3,78 €","3,78 €/l",https://www.carrefour.es/supermercado/suavizante-concentrado-caricias-mimosin-166-lavados-mimosin/R-prod240699/p
Limpieza Y Hogar,Lejia para ropa Ace 2 l.,"1,51 €","0,75 €/l",https://www.carrefour.es/supermercado/suavizante-concentrado-caricias-mimosin-166-lavados-mimosin/R-prod240699/p
Limpieza Y Hogar,Fregona VILEDA Premium 2 en 1 - Bicolor,"4,70 €","4,70 €/ud",https://www.carrefour.es/supermercado/detergente-liquido-oscuros-intensos-micolor-30-lavados/R-VC4AECOMM-469095/p
Limpieza Y Hogar,Lavavajillas Todo en 1 aroma limón en cápsulas Carrefour 26 ud.,"3,95 €","0,15 €/lavado",https://www.carrefour.es/supermercado/detergente-liquido-oscuros-intensos-micolor-30-lavados/R-VC4AECOMM-469095/p
Limpieza Y Hogar,Limpiahogar multisuperficies ph neutro Carrefour 3 l.,"2,30 €","0,77 €/l",https://www.carrefour.es/supermercado/limpiador-de-induccion-indu-clen-450-ml-indu-clen/R-prod381962/p
Limpieza Y Hogar,Ambientador varillas absorbeolores baño Carrefour 45 ml.,"3,10 €","3,10 €/ud",https://www.carrefour.es/supermercado/limpiador-de-induccion-indu-clen-450-ml-indu-clen/R-prod381962/p
Limpieza Y Hogar,Limpiador de baño ecológico KH-7 650 ml.,"2,90 €","4,46 €/l",https://www.carrefour.es/supermercado/ambientador-aerosol-colonia-infantil-splash-300-ml/R-VC4AECOMM-523329/p
Limpieza Y Hogar,Film transparante corte fácil Albal 20 metros.,"1,94 €","0,10 €/m",https://www.carrefour.es/supermercado/ambientador-aerosol-colonia-infantil-splash-300-ml/R-VC4AECOMM-523329/p
Limpieza Y Hogar,10 Bolsas de basura Handy Bag Especial Jardín 100 Litros - Verde,"5,99 €","0,60 €/ud",https://www.carrefour.es/supermercado/quitamanchas-en-polvo-oxy-white-carrefour-1-kg-carrefour/R-526414019/p
Limpieza Y Hogar,Ambientador mini spray Colonia recambio Carrefour 2 ud.,"1,80 €","0,90 €/ud",https://www.carrefour.es/supermercado/quitamanchas-en-polvo-oxy-white-carrefour-1-kg-carrefour/R-526414019/p
Limpieza Y Hogar,Limpiador de vitrocerámica KH-7 450 ml.,"3,25 €","7,22 €/l",https://www.carrefour.es/supermercado/colgador-wc-blue-activ-bref-2-ud-bref/R-839204497/p
Limpieza Y Hogar,Ambientador de Mecha Aroma Ropa Limpia Carrefour 375 ml.,"1,20 €","3,20 €/l",https://www.carrefour.es/supermercado/colgador-wc-blue-activ-bref-2-ud-bref/R-839204497/p
Limpieza Y Hogar,Ambientador electrico flores 3 revolution aparato+ recambio Ambipur 1 ud.,"4,60 €","4,60 €/ud",https://www.carrefour.es/supermercado/HuchaPromocion?promoId=huchaDisc420114
Limpieza Y Hogar,Ambientador de lavavajillas OdorStop Finish 1 ud.,"3,15 €","3,15 €/ud",https://www.carrefour.es/supermercado/lejia-para-ropa-ace-2-l-ace/R-521012086/p
Limpieza Y Hogar,Papel de cocina 2 capas maxi ecológico Carrefour Eco Planet 1 rollo.,"3,10 €","3,10 €/ud",https://www.carrefour.es/supermercado/lejia-para-ropa-ace-2-l-ace/R-521012086/p
Limpieza Y Hogar,Limpiahogar ph neutro ecológico Frosch 1 l.,"2,30 €","2,30 €/l",https://www.carrefour.es/supermercado/limpiahogar-ph-neutro-ecologico-frosch-1-l-frosch/R-546101878/p
Limpieza Y Hogar,Guante Flocado Látex RUBBEREX Multipurpose Cat III Talla M - Amarillo,"0,95 €","0,95 €/ud",https://www.carrefour.es/supermercado/limpiahogar-ph-neutro-ecologico-frosch-1-l-frosch/R-546101878/p
Limpieza Y Hogar,Gel limpiador desincrustante WC Net 800 ml.,"2,60 €","3,25 €/l",https://www.carrefour.es/supermercado/guante-flocado-latex-rubberex-multipurpose-cat-iii-talla-m-amarillo/R-VC4AECOMM-505569/p
Limpieza Y Hogar,Pack de 20 Pilas Alcalinas I-Tech LR03 AAA Carrefour,"9,90 €","0,49 €/ud",https://www.carrefour.es/supermercado/guante-flocado-latex-rubberex-multipurpose-cat-iii-talla-m-amarillo/R-VC4AECOMM-505569/p
Limpieza Y Hogar,Papel Higiénico Gigante Scottex 18 rollos.,"13,55 €","0,75 €/ud",https://www.carrefour.es/supermercado/gel-limpiador-desincrustante-wc-net-800-ml-wc-net/R-789830620/p
Limpieza Y Hogar,Bolsa Basura Ultra Resistente Handy Bag 15 Unidades - Gris,"2,99 €","0,20 €/ud",https://www.carrefour.es/supermercado/gel-limpiador-desincrustante-wc-net-800-ml-wc-net/R-789830620/p
Limpieza Y Hogar,Papel de cocina Cartaplagia Jumbo Foxy 1 rollo.,"4,10 €","4,10 €/ud",https://www.carrefour.es/supermercado/pack-de-20-pilas-alcalinas-i-tech-lr03-aaa-carrefour-carrefour/R-829844785/p
Limpieza Y Hogar,Quitamanchas transpirex blanco y color sin lejia Neutrex 600 ml.,"3,85 €","6,42 €/l",https://www.carrefour.es/supermercado/pack-de-20-pilas-alcalinas-i-tech-lr03-aaa-carrefour-carrefour/R-829844785/p
Limpieza Y Hogar,Suavizante concentrado florales narciso Mimosín 78 lavados.,"8,90 €","0,05 €/lavado",https://www.carrefour.es/supermercado/promocion?promoId=promof2530125
Limpieza Y Hogar,Detergente en polvo Dixan Total 100 lavados.,"3,30 €","0,15 €/lavado",https://www.carrefour.es/supermercado/papel-higienico-gigante-scottex-18-rollos-scottex/R-823818528/p
Limpieza Y Hogar,Detergente líquido frescor energizante Aromaterapia Dixan 50 lavados.,"4,45 €","0,18 €/lavado",https://www.carrefour.es/supermercado/papel-higienico-gigante-scottex-18-rollos-scottex/R-823818528/p
Limpieza Y Hogar,"Lejía lavadora acción total Neutrex 3,6 l.","1,65 €","0,92 €/l",https://www.carrefour.es/supermercado/HuchaPromocion?promoId=huchaDisc420117
Limpieza Y Hogar,Mopa atrapapolvo recambio Swiffer pack 20 gamuzas.,"3,15 €","0,22 €/ud",https://www.carrefour.es/supermercado/bolsa-basura-ultra-resistente-handy-bag-15-unidades-gris-handy-bag/R-837832816/p
Limpieza Y Hogar,Vela perfumada frutos silvestres Carrefour Essential 1 ud.,"13,15 €","1,65 €/ud",https://www.carrefour.es/supermercado/bolsa-basura-ultra-resistente-handy-bag-15-unidades-gris-handy-bag/R-837832816/p
Limpieza Y Hogar,Espuma autolimpiante energy desincrustante WC Net 4 ud.,"5,55 €","3,15 €/ud",https://www.carrefour.es/supermercado/promocion?promoId=promof2530131
Limpieza Y Hogar,Detergente Líquido Ariel Bebé 50 Lavados,"2,49 €","0,26 €/lavado",https://www.carrefour.es/supermercado/papel-de-cocina-cartaplagia-jumbo-foxy-1-rollo-foxy/R-prod1000809/p
Limpieza Y Hogar,Perfume para la ropa en perlas concentrado dreams Unstoppables Lenor 210 g.,"3,25 €","26,43 €/kg",https://www.carrefour.es/supermercado/papel-de-cocina-cartaplagia-jumbo-foxy-1-rollo-foxy/R-prod1000809/p
Limpieza Y Hogar,Gel WC lavanda ecológico Frosch 750 ml.,"8,20 €","3,32 €/l",https://www.carrefour.es/supermercado/promocion?promoId=promof2530031
Limpieza Y Hogar,Suavizante concentrado de té blanco y peonía Aromaterapia+ Vernel 76 lavados.,"1,80 €","0,05 €/lavado",https://www.carrefour.es/supermercado/quitamanchas-transpirex-blanco-y-color-sin-lejia-neutrex-600-ml-neutrex/R-531705095/p
Limpieza Y Hogar,Detergente en polvo ecológico Lagarto 50 lavados,"8,90 €","0,16 €/lavado",https://www.carrefour.es/supermercado/quitamanchas-transpirex-blanco-y-color-sin-lejia-neutrex-600-ml-neutrex/R-531705095/p
Limpieza Y Hogar,Lavavajillas a máquina aroma limón Fairy Platinum Gel 45 lavados.,"8,35 €","0,19 €/lavado",https://www.carrefour.es/supermercado/lavavajillas-a-maquina-aroma-limon-fairy-platinum-gel-45-lavados-fairy/R-fprod1320222/p
Limpieza Y Hogar,Detergente líquido ecológico jazmín fresco y lavanda silvestre Botanical Origin 35 lavados.,"3,10 €","0,28 €/ud",https://www.carrefour.es/supermercado/lavavajillas-a-maquina-aroma-limon-fairy-platinum-gel-45-lavados-fairy/R-fprod1320222/p
Limpieza Y Hogar,Detergente líquido con jabón natural Edil 50 lavados.,"2,70 €","0,06 €/lavado",https://www.carrefour.es/supermercado/HuchaPromocion?promoId=huchaDisc420110
Limpieza Y Hogar,Cubo de fregar de Plástico Carrefour 14 Litros - Pizarra,"1,80 €","2,70 €/ud",https://www.carrefour.es/supermercado/detergente-liquido-ecologico-jazmin-fresco-y-lavanda-silvestre-botanical-origin-35-lavados/R-VC4AECOMM-419037/p
Limpieza Y Hogar,Ambientador automático Floral recambio Carrefour 1 ud.,"1,99 €","7,20 €/l",https://www.carrefour.es/supermercado/detergente-liquido-ecologico-jazmin-fresco-y-lavanda-silvestre-botanical-origin-35-lavados/R-VC4AECOMM-419037/p
Limpieza Y Hogar,2 Bayetas de cristales Carrefour - Beige,"3,15 €","0,99 €/ud",https://www.carrefour.es/supermercado/HuchaPromocion?promoId=huchaDisc420121
Limpieza Y Hogar,Lavavajillas a mano 0% perfume y colorante Fairy 650 ml,"14,85 €","4,85 €/l",https://www.carrefour.es/supermercado/detergente-liquido-con-jabon-natural-edil-50-lavados-edil/R-prod440117/p
Limpieza Y Hogar,Detergente en polvo Colon 95 cacitos.,"1,79 €","0,16 €/lavado",https://www.carrefour.es/supermercado/detergente-liquido-con-jabon-natural-edil-50-lavados-edil/R-prod440117/p
Limpieza Y Hogar,Lejía en gel original Domestos 750 ml.,"5,90 €","0,24 €/100ml",https://www.carrefour.es/supermercado/cubo-de-fregar-de-plastico-carrefour-14-litros-pizarra-carrefour/R-825606275/p
Limpieza Y Hogar,Limpiador alfombras y Tapicerias Espuma Vanish 600 ml.,"2,40 €","9,83 €/l",https://www.carrefour.es/supermercado/cubo-de-fregar-de-plastico-carrefour-14-litros-pizarra-carrefour/R-825606275/p
Limpieza Y Hogar,Limpiador de cristales y superficies pronature ecólogico Tenn 650 ml.,"1,50 €","3,69 €/l",https://www.carrefour.es/supermercado/ambientador-automatico-floral-recambio-carrefour-1-ud-carrefour/R-736419788/p
Limpieza Y Hogar,Jabón líquido hidratante de cocina con extractos de limón y albahaca Carrefour 500 ml.,"7,55 €","0,30 €/100ml",https://www.carrefour.es/supermercado/ambientador-automatico-floral-recambio-carrefour-1-ud-carrefour/R-736419788/p
Limpieza Y Hogar,Ambientador aerosol Pure Nenuco Air Wick 250 ml.,"3,60 €","17,24 €/l",https://www.carrefour.es/supermercado/2-bayetas-de-cristales-carrefour-beige-carrefour/R-609302142/p
Limpieza Y Hogar,Detergente en cápsulas coladas mixtas Micolor 30 ud.,"3,50 €","0,28 €/lavado",https://www.carrefour.es/supermercado/2-bayetas-de-cristales-carrefour-beige-carrefour/R-609302142/p
Limpieza Y Hogar,Papel de blitz XXL Regina 1 rollo.,"1,08 €","3,30 €/ud",https://www.carrefour.es/supermercado/promocion?promoId=promof2530142
Limpieza Y Hogar,Ambientador automático Fresh Matic Lirio de Luna recambio Air Wick 2 ud.,"1,07 €","3,77 €/ud",https://www.carrefour.es/supermercado/lavavajillas-a-mano-0-perfume-y-colorante-fairy-650-ml/R-VC4AECOMM-468326/p
Limpieza Y Hogar,Suavizante Creaciones flor de la pasión y Bergamota Mimosín 58 lavados.,"1,80 €","0,06 €/lavado",https://www.carrefour.es/supermercado/lavavajillas-a-mano-0-perfume-y-colorante-fairy-650-ml/R-VC4AECOMM-468326/p
Limpieza Y Hogar,"Quitamanchas líquido Oxy 5 Color Neutrex 1,6 l.","9,90 €","2,19 €/l",https://www.carrefour.es/supermercado/detergente-en-polvo-colon-95-cacitos-colon/R-804031579/p
Limpieza Y Hogar,Toallitas para Muebles con Cera de Abeja Carrefour 24 ud.,"6,25 €","0,05 €/ud",https://www.carrefour.es/supermercado/detergente-en-polvo-colon-95-cacitos-colon/R-804031579/p
Limpieza Y Hogar,Pañuelos hipoalergénicos Foxy 10 ud.,"3,95 €","0,11 €/ud",https://www.carrefour.es/supermercado/lejia-en-gel-original-domestos-750-ml-domestos/R-849900331/p
Limpieza Y Hogar,Detergente líquido Ultimate Skip 65 lavados.,"2,99 €","0,19 €/lavado",https://www.carrefour.es/supermercado/detergente-liquido-ultimate-skip-65-lavados-skip/R-801637340/p
Limpieza Y Hogar,"Set de 40 Gamuzas Atrapapolvo Desechables CARREFOUR 5,5x11,5x18 cm","4,00 €","0,07 €/ud",https://www.carrefour.es/supermercado/detergente-liquido-ultimate-skip-65-lavados-skip/R-801637340/p
Limpieza Y Hogar,Suavizante explosión de frescor Intense Mimosín 52 lavados.,"6,27 €","0,08 €/lavado",https://www.carrefour.es/supermercado/HuchaPromocion?promoId=huchaDisc420099
Limpieza Y Hogar,Ambientador eléctrico Duplo Delicias de Verano recambio Air Wick 2 ud.,"1,60 €","3,13 €/ud",https://www.carrefour.es/supermercado/set-de-40-gamuzas-atrapapolvo-desechables-carrefour-5-5x11-5x18-cm-carrefour/R-527031098/p
Limpieza Y Hogar,Fregasuelos Concentrado Floral Carrefour 1 l.,"1,80 €","1,60 €/l",https://www.carrefour.es/supermercado/set-de-40-gamuzas-atrapapolvo-desechables-carrefour-5-5x11-5x18-cm-carrefour/R-527031098/p
Limpieza Y Hogar,Estropajo con Esponja Soft Baño Flexible Scotch Brite - Blanco,"0,90 €","1,80 €/ud",https://www.carrefour.es/supermercado/suavizante-explosion-de-frescor-intense-mimosin-52-lavados/R-VC4AECOMM-551632/p
Limpieza Y Hogar,Ambientador aerosol explosión floral Splash 300 ml.,"1,69 €","3,00 €/l",https://www.carrefour.es/supermercado/suavizante-explosion-de-frescor-intense-mimosin-52-lavados/R-VC4AECOMM-551632/p
Limpieza Y Hogar,"Fregasuelos con lejia y detergente limón Estrella 1,35 l.","2,70 €","1,25 €/l",https://www.carrefour.es/supermercado/HuchaPromocion?promoId=huchaDisc420137
Limpieza Y Hogar,Limpiacristales Las 3 Brujas 750 ml.,"1,50 €","3,60 €/l",https://www.carrefour.es/supermercado/ambientador-electrico-duplo-delicias-de-verano-recambio-air-wick-2-ud-air-wick/R-795238887/p
Limpieza Y Hogar,"Guarda Mascarillas CARREFOUR HOME IM 1,2x11x11 cm - Azul","14,45 €","1,50 €/ud",https://www.carrefour.es/supermercado/ambientador-electrico-duplo-delicias-de-verano-recambio-air-wick-2-ud-air-wick/R-795238887/p
Limpieza Y Hogar,Lavavajillas máquina Todo en 1 aroma limón en pastillas Finish 86 ud.,"1,66 €","0,17 €/ud",https://www.carrefour.es/supermercado/HuchaPromocion?promoId=huchaDisc420080
Limpieza Y Hogar,Papel higiénico húmedo Fresh Recambio Scottex 40 ud.,"2,09 €","0,04 €/ud",https://www.carrefour.es/supermercado/fregasuelos-concentrado-floral-carrefour-1-l-carrefour/R-prod61860/p
Limpieza Y Hogar,Quitamanchas ropa de color en polvo Oxi Activo Mimidu 1 kg.,"1,00 €","2,09 €/kg",https://www.carrefour.es/supermercado/fregasuelos-concentrado-floral-carrefour-1-l-carrefour/R-prod61860/p
Limpieza Y Hogar,Pastillas de Encendido para Madera,"3,00 €","1,00 €/ud",https://www.carrefour.es/supermercado/estropajo-con-esponja-soft-bano-flexible-scotch-brite-blanco-scotch-brite/R-521013047/p
Limpieza Y Hogar,"LIMPIAHOG.TENN BRILLANTE 1,25L","7,77 €","2,40 €/l",https://www.carrefour.es/supermercado/estropajo-con-esponja-soft-bano-flexible-scotch-brite-blanco-scotch-brite/R-521013047/p
Limpieza Y Hogar,"Quitamanchas en gel ropa de color 4 Vanish Oxi-Action 1,8 l.","4,05 €","4,32 €/l",https://www.carrefour.es/supermercado/ambientador-aerosol-explosion-floral-splash-300-ml/R-VC4AECOMM-523242/p
Limpieza Y Hogar,Limpiador de tuberías ecológico Carrefour 1 l.,"7,36 €","4,05 €/l",https://www.carrefour.es/supermercado/ambientador-aerosol-explosion-floral-splash-300-ml/R-VC4AECOMM-523242/p
Limpieza Y Hogar,Ambientador eléctrico 3Volution Puro y Fresco recambio Ambipur 2 ud.,"0,90 €","3,68 €/ud",https://www.carrefour.es/supermercado/fregasuelos-con-lejia-y-detergente-limon-estrella-1-35-l/R-VC4AECOMM-443085/p
Limpieza Y Hogar,Bayeta para polvo de Microfibra Carrefour - Beige,"9,99 €","0,90 €/ud",https://www.carrefour.es/supermercado/fregasuelos-con-lejia-y-detergente-limon-estrella-1-35-l/R-VC4AECOMM-443085/p
Limpieza Y Hogar,Lavavajillas a máquina en pastillas quantum max Finish Powerball 27 ud.,"1,66 €","0,37 €/lavado",https://www.carrefour.es/supermercado/limpiacristales-las-3-brujas-750-ml-las-3-brujas/R-814144326/p
Limpieza Y Hogar,Tissues Cotton 3 capas Foxy 60 ud.,"4,75 €","0,03 €/ud",https://www.carrefour.es/supermercado/limpiacristales-las-3-brujas-750-ml-las-3-brujas/R-814144326/p
Limpieza Y Hogar,Detergente líquido para ropa de color Perlan 25 lavados.,"2,55 €","0,19 €/lavado",https://www.carrefour.es/supermercado/guarda-mascarillas-carrefour-home-im-1-2x11x11-cm-azul/R-VC4AECOMM-538997/p
Limpieza Y Hogar,Suavizante concentrado frescor cielo azul Vernel 57 lavados.,"2,10 €","0,05 €/lavado",https://www.carrefour.es/supermercado/guarda-mascarillas-carrefour-home-im-1-2x11x11-cm-azul/R-VC4AECOMM-538997/p
Limpieza Y Hogar,FREGASUELOS XANPA PINO 1L,"1,42 €","1,42 €/l",https://www.carrefour.es/supermercado/fregasuelos-xanpa-pino-1l-xanpa/R-521012244/p
Limpieza Y Hogar,Ambientador fresa y nata The fruit company 40 ml.,"3,80 €","9,50 €/100ml",https://www.carrefour.es/supermercado/fregasuelos-xanpa-pino-1l-xanpa/R-521012244/p
Limpieza Y Hogar,Fregona Microfibra Secado Rápido KH7 - Naranja,"2,30 €","3,40 €/ud",https://www.carrefour.es/supermercado/promocion?promoId=promof2530023
Limpieza Y Hogar,Set de 2 Estropajos con esponja SPONTEX Poder Verde,"1,61 €","1,15 €/ud",https://www.carrefour.es/supermercado/ambientador-fresa-y-nata-the-fruit-company-40-ml-the-fruit-company/R-prod960095/p
Limpieza Y Hogar,Gel WC frescor de montaña Sani Centro 1 l.,"2,40 €","1,61 €/l",https://www.carrefour.es/supermercado/ambientador-fresa-y-nata-the-fruit-company-40-ml-the-fruit-company/R-prod960095/p
Limpieza Y Hogar,Lavavajillas a mano aroma frambuesa en gel ecológico Frosch 750 ml.,"11,15 €","3,20 €/l",https://www.carrefour.es/supermercado/fregona-microfibra-secado-rapido-kh7-naranja/R-fprod1220430/p
Limpieza Y Hogar,Potenciador de lavado en polvo Vanish Oxi-Advance 800 g.,"4,05 €","13,94 €/kg",https://www.carrefour.es/supermercado/fregona-microfibra-secado-rapido-kh7-naranja/R-fprod1220430/p
Limpieza Y Hogar,Limpiamuebles con aceite nutritivo ambar y argán Pronto 250 ml.,"3,50 €","16,20 €/l",https://www.carrefour.es/supermercado/HuchaPromocion?promoId=huchaDisc420147
Limpieza Y Hogar,Pack de 6 Pilas Alcalinas LR03 AAA Carrefour,"2,85 €","0,58 €/ud",https://www.carrefour.es/supermercado/set-de-2-estropajos-con-esponja-spontex-poder-verde-spontex/R-783909240/p
Limpieza Y Hogar,Limpiador multiusos con lejía Cif 750 ml.,"2,20 €","3,80 €/l",https://www.carrefour.es/supermercado/set-de-2-estropajos-con-esponja-spontex-poder-verde-spontex/R-783909240/p
Limpieza Y Hogar,Salvauñas VILEDA Ultrafresh 2 +1 - Verde,"3,10 €","1,10 €/ud",https://www.carrefour.es/supermercado/gel-wc-frescor-de-montana-sani-centro-1-l-sani-centro/R-804031203/p
Limpieza Y Hogar,Papel higiénico acolchado 3 capas Colhogar 6 rollos,"5,00 €","0,52 €/ud",https://www.carrefour.es/supermercado/gel-wc-frescor-de-montana-sani-centro-1-l-sani-centro/R-804031203/p
Limpieza Y Hogar,Toallitas anti transferencia de color Vanish 32 ud.,"9,90 €","0,16 €/ud",https://www.carrefour.es/supermercado/lavavajillas-a-mano-aroma-frambuesa-en-gel-ecologico-frosch-750-ml-frosch/R-866618498/p
Limpieza Y Hogar,Pañuelos con crema hidratante Foxy 10 ud.,"2,29 €","0,17 €/ud",https://www.carrefour.es/supermercado/lavavajillas-a-mano-aroma-frambuesa-en-gel-ecologico-frosch-750-ml-frosch/R-866618498/p
Limpieza Y Hogar,"Pilas Alcalinas AA Duracell Ultra, paquete de 8","5,55 €","1,24 €/ud",https://www.carrefour.es/supermercado/potenciador-de-lavado-en-polvo-vanish-oxi-advance-800-g/R-VC4AECOMM-550428/p
Limpieza Y Hogar,Bolsa de Basura Perfumada Relevo 30l 15 ud - Rosa,"0,93 €","0,15 €/ud",https://www.carrefour.es/supermercado/potenciador-de-lavado-en-polvo-vanish-oxi-advance-800-g/R-VC4AECOMM-550428/p
Limpieza Y Hogar,Protector lavavajillas Finish 50 lavados 1 ud.,"3,60 €","5,55 €/ud",https://www.carrefour.es/supermercado/limpiamuebles-con-aceite-nutritivo-ambar-y-argan-pronto-250-ml-pronto/R-prod700187/p
Limpieza Y Hogar,"Fregasuelos aromático spa Essential Carrefour 1,5 l.","1,79 €","0,62 €/l",https://www.carrefour.es/supermercado/limpiamuebles-con-aceite-nutritivo-ambar-y-argan-pronto-250-ml-pronto/R-prod700187/p
Limpieza Y Hogar,Set de 3 Bayeta Microfibra VILEDA Ultra Fresh,"8,75 €","1,20 €/ud",https://www.carrefour.es/supermercado/pack-de-6-pilas-alcalinas-lr03-aaa-carrefour-carrefour/R-829844775/p
Limpieza Y Hogar,Colgador WC Power Tropic Carrefour 2 ud.,"1,60 €","0,89 €/ud",https://www.carrefour.es/supermercado/pack-de-6-pilas-alcalinas-lr03-aaa-carrefour-carrefour/R-829844775/p
Limpieza Y Hogar,Detergente en polvo Elena 80 cacitos.,"2,55 €","0,11 €/lavado",https://www.carrefour.es/supermercado/promocion?promoId=promof2530125
Limpieza Y Hogar,Set de 12 Pinzas de ropa de plástico TARRES bi-inyección 8cm x 17cm x 3cm - Surtido,"3,25 €","0,13 €/ud",https://www.carrefour.es/supermercado/limpiador-multiusos-con-lejia-cif-750-ml-cif/R-827618037/p
Limpieza Y Hogar,Limpiador multiusos de cocinas aroma limón Zas 750 ml.,"2,95 €","3,93 €/l",https://www.carrefour.es/supermercado/limpiador-multiusos-de-cocinas-aroma-limon-zas-750-ml-zas/R-521014416/p
Limpieza Y Hogar,"Fregasuelos fiesta de flores con aceite esenciales Ajax 1,25 l.","2,39 €","1,91 €/l",https://www.carrefour.es/supermercado/limpiador-multiusos-de-cocinas-aroma-limon-zas-750-ml-zas/R-521014416/p
Limpieza Y Hogar,Detergente en polvo Wipp Express 62 lavados.,"14,30 €","0,23 €/lavado",https://www.carrefour.es/supermercado/fregasuelos-fiesta-de-flores-con-aceite-esenciales-ajax-1-25-l/R-fprod1380211/p
Limpieza Y Hogar,Golgador WC power activ pine forest Bref 1 ud.,"1,75 €","1,75 €/ud",https://www.carrefour.es/supermercado/fregasuelos-fiesta-de-flores-con-aceite-esenciales-ajax-1-25-l/R-fprod1380211/p
Limpieza Y Hogar,Set de Servilletas 2 capas de Celulosa RENOVA Cocktail 30pz - Rojo,"1,10 €","0,04 €/ud",https://www.carrefour.es/supermercado/detergente-en-polvo-wipp-express-62-lavados-wipp-express/R-679501773/p
Limpieza Y Hogar,15 Gamuzas Desechables SPONTEX Atrapapolvo - Blanco,"3,70 €","0,25 €/ud",https://www.carrefour.es/supermercado/detergente-en-polvo-wipp-express-62-lavados-wipp-express/R-679501773/p
Limpieza Y Hogar,Lejia para ropa Ace 4 l.,"2,94 €","0,73 €/l",https://www.carrefour.es/supermercado/HuchaPromocion?promoId=huchaDisc420097
Limpieza Y Hogar,Plumero Antiestático ROZENBAL - Fucsia,"2,90 €","2,90 €/ud",https://www.carrefour.es/supermercado/golgador-wc-power-activ-pine-forest-bref-1-ud-bref/R-636001926/p
Limpieza Y Hogar,Spray multiusos sin lejía Tenn 500 ml.,"2,60 €","5,20 €/l",https://www.carrefour.es/supermercado/golgador-wc-power-activ-pine-forest-bref-1-ud-bref/R-636001926/p
Limpieza Y Hogar,Detergente liquido delicate Carrefour Expert 40 lavados.,"2,55 €","0,06 €/lavado",https://www.carrefour.es/supermercado/set-de-servilletas-2-capas-de-celulosa-renova-cocktail-30pz-rojo-renova/R-650802110/p
Limpieza Y Hogar,Ambientador automático Fresh Matic Delicias de Verano recambio Air Wick 1 ud.,"2,90 €","4,69 €/ud",https://www.carrefour.es/supermercado/set-de-servilletas-2-capas-de-celulosa-renova-cocktail-30pz-rojo-renova/R-650802110/p
Limpieza Y Hogar,Papel higiénico húmedo Pure Colhogar 80 ud.,"4,60 €","0,04 €/ud",https://www.carrefour.es/supermercado/15-gamuzas-desechables-spontex-atrapapolvo-blanco-spontex/R-817316579/p
Limpieza Y Hogar,Ambientador eléctrico 3Volution Delicadas Flores Rosas recambio Ambipur 1 ud.,"1,59 €","4,60 €/ud",https://www.carrefour.es/supermercado/15-gamuzas-desechables-spontex-atrapapolvo-blanco-spontex/R-817316579/p
Limpieza Y Hogar,Pañuelos balsam Kleenex pack de 8 ud.,"0,99 €","0,20 €/ud",https://www.carrefour.es/supermercado/HuchaPromocion?promoId=huchaDisc420148
Limpieza Y Hogar,Limpiador en crema aroma limón Producto Blanco 750 ml,"1,77 €","1,32 €/l",https://www.carrefour.es/supermercado/lejia-para-ropa-ace-4-l-ace/R-522713548/p
Limpieza Y Hogar,Caja de pañuelos Disney Kleenex 56 ud.,"4,05 €","0,03 €/ud",https://www.carrefour.es/supermercado/lejia-para-ropa-ace-4-l-ace/R-522713548/p
Limpieza Y Hogar,Ambientador automático Fresh Matic Oasis Turquesa recambio Air Wick 1 ud.,"3,99 €","4,05 €/ud",https://www.carrefour.es/supermercado/plumero-antiestatico-rozenbal-fucsia/R-869702067/p
Limpieza Y Hogar,"Rasqueta Vitrocerámica FACKELMANN Food & More 13,5cm. - Inox","3,15 €","3,99 €/ud",https://www.carrefour.es/supermercado/plumero-antiestatico-rozenbal-fucsia/R-869702067/p
Limpieza Y Hogar,Ambientador eléctrico Jabón Natural recambio Ambipur 1 ud.,"2,39 €","3,15 €/ud",https://www.carrefour.es/supermercado/spray-multiusos-sin-lejia-tenn-500-ml-tenn/R-fprod1230235/p
Limpieza Y Hogar,"Limpiador multiusos pino frescor y limpieza Ajax 1,25 l.","1,81 €","1,91 €/l",https://www.carrefour.es/supermercado/spray-multiusos-sin-lejia-tenn-500-ml-tenn/R-fprod1230235/p
Limpieza Y Hogar,Pañuelos ultrasoft 4 capas Kleenex 10 ud.,"4,40 €","0,18 €/ud",https://www.carrefour.es/supermercado/detergente-liquido-delicate-carrefour-expert-40-lavados/R-VC4AECOMM-513639/p
Limpieza Y Hogar,Suavizante concentrado azul fresh control Vernel 70 lavados.,"6,55 €","0,05 €/lavado",https://www.carrefour.es/supermercado/detergente-liquido-delicate-carrefour-expert-40-lavados/R-VC4AECOMM-513639/p
Limpieza Y Hogar,Lavaparabrisas Carrefour 5L,"2,50 €","0,78 €/l",https://www.carrefour.es/supermercado/lavaparabrisas-carrefour-5l-carrefour/R-526204847/p
Limpieza Y Hogar,Bolsa de basura 100L- Negra,"1,20 €","0,12 €/ud",https://www.carrefour.es/supermercado/lavaparabrisas-carrefour-5l-carrefour/R-526204847/p
Limpieza Y Hogar,Esponja limpia calzado Incolora Yak 1 ud.,"5,25 €","1,20 €/ud",https://www.carrefour.es/supermercado/bolsa-de-basura-100l-negra/R-760001302/p
Limpieza Y Hogar,Abrillantador de lavavajillas 0% Calgonit Finish 400 ml.,"2,90 €","13,12 €/l",https://www.carrefour.es/supermercado/bolsa-de-basura-100l-negra/R-760001302/p
Limpieza Y Hogar,Estropajos VILEDA Colors - Multicolor,"0,80 €","0,97 €/ud",https://www.carrefour.es/supermercado/esponja-limpia-calzado-incolora-yak-1-ud-yak/R-521011608/p
Limpieza Y Hogar,Cápsula Magdalena N8 - Blanco,"0,90 €","0,02 €/ud",https://www.carrefour.es/supermercado/esponja-limpia-calzado-incolora-yak-1-ud-yak/R-521011608/p
Limpieza Y Hogar,Ambientador aerosol costa blanca Splash 300 ml.,"1,99 €","3,00 €/l",https://www.carrefour.es/supermercado/abrillantador-de-lavavajillas-0-calgonit-finish-400-ml/R-VC4AECOMM-419608/p
Limpieza Y Hogar,Plumero atrapapolvo con 5 recambios Carrefour 1 ud.,"1,80 €","0,40 €/ud",https://www.carrefour.es/supermercado/abrillantador-de-lavavajillas-0-calgonit-finish-400-ml/R-VC4AECOMM-419608/p
Limpieza Y Hogar,Escoba para Pequeños Espacios Carrefour,"2,05 €","1,80 €/ud",https://www.carrefour.es/supermercado/HuchaPromocion?promoId=huchaDisc420111
Limpieza Y Hogar,Antical para lavadoras en pastillas Carrefour 15 ud.,"9,35 €","0,14 €/ud",https://www.carrefour.es/supermercado/estropajos-vileda-colors-multicolor-vileda/R-843302431/p
Limpieza Y Hogar,Detergente en cápsulas Vanish Ultra Colon 32 ud.,"3,15 €","0,31 €/lavado",https://www.carrefour.es/supermercado/estropajos-vileda-colors-multicolor-vileda/R-843302431/p
Limpieza Y Hogar,Papel higiénico protect care 3 capas Colhogar 18 rollos.,"4,95 €","0,52 €/ud",https://www.carrefour.es/supermercado/capsula-magdalena-n8-blanco-ph/R-528412256/p
Limpieza Y Hogar,Ambientador eléctrico Harmonía de Vainilla recambio Ambipur 1 ud.,"8,90 €","3,15 €/ud",https://www.carrefour.es/supermercado/capsula-magdalena-n8-blanco-ph/R-528412256/p
Limpieza Y Hogar,Perlas de fragancia para la ropa explosión de frescor Intense Mimosín 11 lavados.,"2,99 €","15,66 €/kg",https://www.carrefour.es/supermercado/ambientador-aerosol-costa-blanca-splash-300-ml/R-VC4AECOMM-523337/p
Limpieza Y Hogar,Detergente líquido aromaterapia frescor sensual Dixan 50 lavados.,"1,39 €","0,18 €/lavado",https://www.carrefour.es/supermercado/ambientador-aerosol-costa-blanca-splash-300-ml/R-VC4AECOMM-523337/p
Limpieza Y Hogar,Vasos Redondo de Vidrio LUMINARC Concepto 9x9cm 6 ud- Transparente,"2,70 €","0,50 €/ud",https://www.carrefour.es/supermercado/plumero-atrapapolvo-con-5-recambios-carrefour-1-ud-carrefour/R-521001951/p
Limpieza Y Hogar,Limpiador multiusos concentrado de vinagre con detergente Disiclin 750 ml.,"1,04 €","1,85 €/l",https://www.carrefour.es/supermercado/plumero-atrapapolvo-con-5-recambios-carrefour-1-ud-carrefour/R-521001951/p
Limpieza Y Hogar,Ambientador de aire spray Frescor Higiénico Oust 300 ml.,"3,59 €","9,00 €/l",https://www.carrefour.es/supermercado/escoba-para-pequenos-espacios-carrefour-carrefour/R-655302064/p
Limpieza Y Hogar,Pañuelos Scottex 10 ud.,"1,51 €","0,13 €/ud",https://www.carrefour.es/supermercado/escoba-para-pequenos-espacios-carrefour-carrefour/R-655302064/p
Limpieza Y Hogar,Perfumador de ropa Instant Azul Spray Flor 345 ml.,"2,75 €","10,41 €/l",https://www.carrefour.es/supermercado/antical-para-lavadoras-en-pastillas-carrefour-15-ud-carrefour/R-prod1060203/p
Limpieza Y Hogar,Lejia perfumada Ace 2 l.,"1,35 €","0,75 €/l",https://www.carrefour.es/supermercado/antical-para-lavadoras-en-pastillas-carrefour-15-ud-carrefour/R-prod1060203/p
Limpieza Y Hogar,Limpiador de metales Algodón Mágico Stark 100 g.,"3,10 €","27,50 €/kg",https://www.carrefour.es/supermercado/detergente-en-capsulas-vanish-ultra-colon-32-ud-colon/R-848200392/p
Limpieza Y Hogar,Lavavajillas a mano ultra aroma limón Fairy 780 ml.,"3,15 €","4,04 €/l",https://www.carrefour.es/supermercado/lavavajillas-a-mano-ultra-aroma-limon-fairy-780-ml-fairy/R-808725886/p
Limpieza Y Hogar,Suavizante estallido de pasión Intense Mimosin 52 lavados,"4,00 €","0,08 €/lavado",https://www.carrefour.es/supermercado/lavavajillas-a-mano-ultra-aroma-limon-fairy-780-ml-fairy/R-808725886/p
Limpieza Y Hogar,Ambientador eléctrico con recambio Japan Ambipur 1 ud.,"4,60 €","4,60 €/ud",https://www.carrefour.es/supermercado/suavizante-estallido-de-pasion-intense-mimosin-52-lavados/R-VC4AECOMM-551596/p
Limpieza Y Hogar,Detergente en cápsulas higiene y antiolores 4en1 Wipp Express 50 ud.,"16,25 €","0,32 €/ud",https://www.carrefour.es/supermercado/suavizante-estallido-de-pasion-intense-mimosin-52-lavados/R-VC4AECOMM-551596/p
Limpieza Y Hogar,Colgador WC aroma manzan floral y lirio de agua Bref 2 ud.,"3,78 €","1,89 €/ud",https://www.carrefour.es/supermercado/HuchaPromocion?promoId=huchaDisc420137
Limpieza Y Hogar,Cinta celo transparente 3 uds,"1,50 €","0,50 €/ud",https://www.carrefour.es/supermercado/ambientador-electrico-con-recambio-japan-ambipur-1-ud-ambipur/R-prod1161008/p
Limpieza Y Hogar,Suavizante Creaciones flor lirio y lima Mimosín 58 lavados.,"3,60 €","0,06 €/lavado",https://www.carrefour.es/supermercado/ambientador-electrico-con-recambio-japan-ambipur-1-ud-ambipur/R-prod1161008/p
Limpieza Y Hogar,Quitamanchas blanqueador líquido Vanish Oxi-Advance 800 ml.,"6,20 €","7,75 €/l",https://www.carrefour.es/supermercado/promocion?promoId=promof2530003
Limpieza Y Hogar,Fregasuelos concentrado cian Avevi 950 ml.,"2,10 €","2,21 €/l",https://www.carrefour.es/supermercado/detergente-en-capsulas-higiene-y-antiolores-4en1-wipp-express-50-ud-wipp-express/R-fprod1420318/p
Limpieza Y Hogar,Esponja Forradas CARREFOUR 2 ud - Morado y plata,"0,99 €","0,99 €/ud",https://www.carrefour.es/supermercado/detergente-en-capsulas-higiene-y-antiolores-4en1-wipp-express-50-ud-wipp-express/R-fprod1420318/p
Limpieza Y Hogar,Bolsas de congelacion pequeñas Albal 40 ud.,"3,39 €","0,08 €/ud",https://www.carrefour.es/supermercado/HuchaPromocion?promoId=huchaDisc420097
Limpieza Y Hogar,Ambientador para el armario fresa y nata The Fruit Company 1 ud.,"1,67 €","1,67 €/ud",https://www.carrefour.es/supermercado/colgador-wc-aroma-manzan-floral-y-lirio-de-agua-bref-2-ud-bref/R-prod760032/p
Limpieza Y Hogar,Cera efecto barniz para parquet y suelos de madera Hechicera 750 ml.,"2,95 €","3,93 €/l",https://www.carrefour.es/supermercado/colgador-wc-aroma-manzan-floral-y-lirio-de-agua-bref-2-ud-bref/R-prod760032/p
Limpieza Y Hogar,Pack de 8+4 Pilas Alcalinas Uso Frecuente Aaa Lr03 Ultra Plus,"8,95 €","1,12 €/ud",https://www.carrefour.es/supermercado/HuchaPromocion?promoId=huchaDisc420114
Limpieza Y Hogar,Quitagrasas desinfectante sin lejía KH-7 650 ml.,"3,70 €","5,69 €/l",https://www.carrefour.es/supermercado/cinta-celo-transparente-3-uds/R-VC4AECOMM-469679/p
Limpieza Y Hogar,Discos activos inodoros aroma marino recambio Pato 1 ud.,"2,75 €","2,75 €/ud",https://www.carrefour.es/supermercado/cinta-celo-transparente-3-uds/R-VC4AECOMM-469679/p
Limpieza Y Hogar,Quitagrasas ecológico KH-7 650 ml.,"3,39 €","5,22 €/l",https://www.carrefour.es/supermercado/suavizante-creaciones-flor-lirio-y-lima-mimosin-58-lavados-mimosin/R-prod250009/p
Limpieza Y Hogar,Bolsa de Basura RELEVO 50 l 10 ud - Verde,"2,49 €","0,17 €/ud",https://www.carrefour.es/supermercado/suavizante-creaciones-flor-lirio-y-lima-mimosin-58-lavados-mimosin/R-prod250009/p
Limpieza Y Hogar,Detergente en cápsulas duo cerezos de Japón Carrefour 30 ud.,"6,00 €","0,20 €/lavado",https://www.carrefour.es/supermercado/HuchaPromocion?promoId=huchaDisc420137
Limpieza Y Hogar,Set de 36 Pinzas de plástico para la ropa TARRES de Plástico 70x15 mm -Surtido,"1,60 €","0,04 €/ud",https://www.carrefour.es/supermercado/quitamanchas-blanqueador-liquido-vanish-oxi-advance-800-ml/R-VC4AECOMM-550400/p
Limpieza Y Hogar,Lavavajillas máquina 0% en pastillas Calgonit Finish 60 ud.,"16,60 €","0,28 €/ud",https://www.carrefour.es/supermercado/quitamanchas-blanqueador-liquido-vanish-oxi-advance-800-ml/R-VC4AECOMM-550400/p
Limpieza Y Hogar,Lavavajillas a mano para pieles sensibles perfume floral Carrefour Essential 750 ml.,"1,16 €","1,16 €/l",https://www.carrefour.es/supermercado/fregasuelos-concentrado-cian-avevi-950-ml-asevi/R-prod890175/p
Limpieza Y Hogar,Suavizante concentrado Oceánico Flor 64 lavados.,"4,01 €","0,06 €/lavado",https://www.carrefour.es/supermercado/fregasuelos-concentrado-cian-avevi-950-ml-asevi/R-prod890175/p
Limpieza Y Hogar,Limpiador desinfectante sin lejía multiusos magic Disiclin 1000 ml,"2,00 €","2,00 €/l",https://www.carrefour.es/supermercado/esponja-forradas-carrefour-2-ud-morado-y-plata-carrefour/R-657201647/p
Limpieza Y Hogar,Detergente en pastillas blanco puro Puntomatic 8 ud.,"0,95 €","0,24 €/lavado",https://www.carrefour.es/supermercado/detergente-en-pastillas-blanco-puro-puntomatic-8-ud-puntomatic/R-prod395310/p
Limpieza Y Hogar,"Limpiahogar Euphoria Brillante Tenn 1,25 l.","3,00 €","2,40 €/l",https://www.carrefour.es/supermercado/detergente-en-pastillas-blanco-puro-puntomatic-8-ud-puntomatic/R-prod395310/p
Limpieza Y Hogar,2 Estropajos salvauñas Extreme SCOTCH BRITE - Morado,"2,50 €","1,25 €/ud",https://www.carrefour.es/supermercado/limpiahogar-euphoria-brillante-tenn-1-25-l-tenn/R-765206995/p
Limpieza Y Hogar,Lavavajillas a mano desengrasante frutos rojos Carrefour Expert 1 l.,"1,49 €","1,49 €/l",https://www.carrefour.es/supermercado/limpiahogar-euphoria-brillante-tenn-1-25-l-tenn/R-765206995/p
Limpieza Y Hogar,"Quitamanchas líquido Oxy Blanco puro Neutrex 2,62 l.","4,90 €","1,87 €/l",https://www.carrefour.es/supermercado/2-estropajos-salvaunas-extreme-scotch-brite-morado-scotch-brite/R-831314077/p
Limpieza Y Hogar,Apresto instantáneo para planchado spray Toke 500 ml.,"4,70 €","9,40 €/l",https://www.carrefour.es/supermercado/2-estropajos-salvaunas-extreme-scotch-brite-morado-scotch-brite/R-831314077/p
Limpieza Y Hogar,Lavavajillas a mano concentrado al romero ecológico Frosch 750 ml.,"2,70 €","3,60 €/l",https://www.carrefour.es/supermercado/lavavajillas-a-mano-desengrasante-frutos-rojos-carrefour-expert-1-l/R-VC4AECOMM-490137/p
Limpieza Y Hogar,Pañuelos Disney Kleenex 15 ud.,"1,77 €","0,12 €/ud",https://www.carrefour.es/supermercado/lavavajillas-a-mano-desengrasante-frutos-rojos-carrefour-expert-1-l/R-VC4AECOMM-490137/p
Limpieza Y Hogar,Ambientador para coche océano Carrefour 1 ud.,"1,99 €","1,99 €/ud",https://www.carrefour.es/supermercado/quitamanchas-liquido-oxy-blanco-puro-neutrex-2-62-l-neutrex/R-803482659/p
Limpieza Y Hogar,Colgador WC Blue Activ Bref 3 ud.,"5,05 €","1,68 €/ud",https://www.carrefour.es/supermercado/quitamanchas-liquido-oxy-blanco-puro-neutrex-2-62-l-neutrex/R-803482659/p
Limpieza Y Hogar,Tendedero con Alas de Metal 55 x 127 x 105 cm - Azul,"7,99 €","7,99 €/ud",https://www.carrefour.es/supermercado/apresto-instantaneo-para-planchado-spray-toke-500-ml-toke/R-521001655/p
Limpieza Y Hogar,Pack de 8+4 Pilas Alcalinas Uso Frecuente Aa Lr06 Ultra Plus,"8,95 €","1,12 €/ud",https://www.carrefour.es/supermercado/apresto-instantaneo-para-planchado-spray-toke-500-ml-toke/R-521001655/p
Limpieza Y Hogar,Pañuelos faciales respeta el planeta ecológicos Renova 72 ud.,"1,33 €","0,02 €/ud",https://www.carrefour.es/supermercado/lavavajillas-a-mano-concentrado-al-romero-ecologico-frosch-750-ml/R-VC4AECOMM-416627/p
Limpieza Y Hogar,Papel higiénico Pure Natural Colhogar 12 rollos.,"3,39 €","0,49 €/ud",https://www.carrefour.es/supermercado/lavavajillas-a-mano-concentrado-al-romero-ecologico-frosch-750-ml/R-VC4AECOMM-416627/p
Limpieza Y Hogar,Fregasuelos insecticida Desic aroma lavanda KH-7 750 ml.,"2,20 €","4,52 €/l",https://www.carrefour.es/supermercado/panuelos-disney-kleenex-15-ud-kleenex/R-521016273/p
Limpieza Y Hogar,Cepillo para limpieza de rincones Rozenbal - Azul,"1,50 €","2,20 €/ud",https://www.carrefour.es/supermercado/panuelos-disney-kleenex-15-ud-kleenex/R-521016273/p
Limpieza Y Hogar,Limpiador de aceros inoxidables Carrefour 500 ml.,"4,75 €","3,00 €/l",https://www.carrefour.es/supermercado/HuchaPromocion?promoId=huchaDisc420117
Limpieza Y Hogar,Detergente líquido para ropa de deporte Perlan 25 lavados.,"7,40 €","0,19 €/lavado",https://www.carrefour.es/supermercado/ambientador-para-coche-oceano-carrefour-1-ud-carrefour/R-814634926/p
Limpieza Y Hogar,Detergente liquido frescor duradero Micolor 30 lavados.,"2,39 €","0,25 €/lavado",https://www.carrefour.es/supermercado/ambientador-para-coche-oceano-carrefour-1-ud-carrefour/R-814634926/p
Limpieza Y Hogar,Suavizante concentrado almendra ecológico Frosch 31 lavados.,"4,40 €","0,08 €/lavado",https://www.carrefour.es/supermercado/colgador-wc-blue-activ-bref-3-ud-bref/R-prod860633/p
Limpieza Y Hogar,Ambientador eléctrico Campos de Lavanda 1 recambi Ambipur 1 ud.,"14,25 €","2,90 €/ud",https://www.carrefour.es/supermercado/colgador-wc-blue-activ-bref-3-ud-bref/R-prod860633/p
Limpieza Y Hogar,Detergente en cápsulas ecológico Flopp 16 lavados.,"8,65 €","0,27 €/lavado",https://www.carrefour.es/supermercado/tendedero-con-alas-de-metal-55-x-127-x-105-cm-azul-carrefour/R-764102059/p
Limpieza Y Hogar,Pack de 6 Pilas Alcalinas I-Tech Carrefour Lr06 (Aa),"3,90 €","0,65 €/ud",https://www.carrefour.es/supermercado/pack-de-6-pilas-alcalinas-i-tech-carrefour-lr06-aa-carrefour/R-829844509/p
Limpieza Y Hogar,Ambientador automático recambio Pure Flor Air Wick 3 ud.,"10,50 €","3,50 €/ud",https://www.carrefour.es/supermercado/pack-de-6-pilas-alcalinas-i-tech-carrefour-lr06-aa-carrefour/R-829844509/p
Limpieza Y Hogar,Suavizante concentrado de flor cítrica y minerales Aromaterapia+ Vernel 76 lavados.,"3,80 €","0,05 €/lavado",https://www.carrefour.es/supermercado/promocion?promoId=promof2530125
Limpieza Y Hogar,Sosa Caústica Carrefour 1 kg.,"2,99 €","2,99 €/kg",https://www.carrefour.es/supermercado/ambientador-automatico-recambio-pure-flor-air-wick-3-ud-air-wick/R-fprod1190677/p
Limpieza Y Hogar,Ambientador absorbeolores para el frigorífico XL Croc Odor 1 ud.,"4,10 €","4,10 €/ud",https://www.carrefour.es/supermercado/ambientador-automatico-recambio-pure-flor-air-wick-3-ud-air-wick/R-fprod1190677/p
Limpieza Y Hogar,Recipiente Hermético Rectangular de Cristal 1 L. - Transparente,"4,99 €","4,99 €/ud",https://www.carrefour.es/supermercado/HuchaPromocion?promoId=huchaDisc420080
Limpieza Y Hogar,Lavavajillas máquina quantum ultimate en pastillas Finish 84 ud.,"24,30 €","0,29 €/ud",https://www.carrefour.es/supermercado/suavizante-concentrado-de-flor-citrica-y-minerales-aromaterapia-vernel-76-lavados-vernel/R-fprod1220248/p
Limpieza Y Hogar,Suavizante Creaciones flor de cerezo y granada Mimosín 58 lavados.,"3,60 €","0,06 €/lavado",https://www.carrefour.es/supermercado/suavizante-concentrado-de-flor-citrica-y-minerales-aromaterapia-vernel-76-lavados-vernel/R-fprod1220248/p
Limpieza Y Hogar,Ambientador explosión cítrica Essential Mist recambio Air Wick 1 ud.,"5,65 €","5,65 €/ud",https://www.carrefour.es/supermercado/HuchaPromocion?promoId=huchaDisc420138
Limpieza Y Hogar,Bolsas de congelación 3 tamaños Albal 1 ud.,"3,55 €","3,55 €/ud",https://www.carrefour.es/supermercado/sosa-caustica-carrefour-1-kg/R-VC4AECOMM-436699/p
Limpieza Y Hogar,Fregona de tiras BALLERINA - Amarilla,"2,50 €","2,50 €/ud",https://www.carrefour.es/supermercado/sosa-caustica-carrefour-1-kg/R-VC4AECOMM-436699/p
Limpieza Y Hogar,"Guarda Mascarillas CARREFOUR HOME IM 1,2x11x11 cm - Rojo","1,50 €","1,50 €/ud",https://www.carrefour.es/supermercado/ambientador-absorbeolores-para-el-frigorifico-xl-croc-odor-1-ud-croc-odor/R-546306162/p
Limpieza Y Hogar,"Limpiahogar multisuperficies ph neutro Carrefour 1,5 l.","1,27 €","0,85 €/l",https://www.carrefour.es/supermercado/ambientador-absorbeolores-para-el-frigorifico-xl-croc-odor-1-ud-croc-odor/R-546306162/p
Limpieza Y Hogar,Spray limpia gafas y pantallas Fami 30 ml.,"2,39 €","7,97 €/100ml",https://www.carrefour.es/supermercado/recipiente-hermetico-rectangular-de-cristal-1-l-transparente/R-846900584/p
Limpieza Y Hogar,Gel lavavajillas todo en 1 Somat Gel 60 lavados,"8,90 €","0,15 €/lavado",https://www.carrefour.es/supermercado/recipiente-hermetico-rectangular-de-cristal-1-l-transparente/R-846900584/p
Limpieza Y Hogar,Ambientador eléctrico White Bouquet recambio Air Wick 2 ud.,"6,27 €","3,13 €/ud",https://www.carrefour.es/supermercado/promocion?promoId=promof2520039
Limpieza Y Hogar,Detergente en cápsulas Carrefour Expert 50 ud.,"8,55 €","0,17 €/ud",https://www.carrefour.es/supermercado/lavavajillas-maquina-quantum-ultimate-en-pastillas-finish-84-ud-finish/R-prod1170154/p
Limpieza Y Hogar,Bayeta escurrevajillas Sin gota XL VILEDA - Azul,"3,20 €","3,20 €/ud",https://www.carrefour.es/supermercado/lavavajillas-maquina-quantum-ultimate-en-pastillas-finish-84-ud-finish/R-prod1170154/p
Limpieza Y Hogar,Detergente líquido con jabón cuidado natural para tu ropa Lagarto 40 lavados,"4,75 €","0,12 €/lavado",https://www.carrefour.es/supermercado/HuchaPromocion?promoId=huchaDisc420111
Limpieza Y Hogar,Detergente líquido colores vivos Micolor 60 lavados.,"2,55 €","0,23 €/lavado",https://www.carrefour.es/supermercado/suavizante-creaciones-flor-de-cerezo-y-granada-mimosin-58-lavados-mimosin/R-prod250205/p
Limpieza Y Hogar,Blanqueador sin lejía en polvo Vanish 600 g.,"6,54 €","4,25 €/kg",https://www.carrefour.es/supermercado/suavizante-creaciones-flor-de-cerezo-y-granada-mimosin-58-lavados-mimosin/R-prod250205/p
Limpieza Y Hogar,Detergente en cápsulas Dixan Total Duo-Caps 24 ud.,"1,15 €","0,27 €/lavado",https://www.carrefour.es/supermercado/HuchaPromocion?promoId=huchaDisc420137
Limpieza Y Hogar,Set de 4 Bayetas Absorbentes Impresas CARREFOUR - Decorado,"16,40 €","0,29 €/ud",https://www.carrefour.es/supermercado/ambientador-explosion-citrica-essential-mist-recambio-air-wick-1-ud-air-wick/R-prod395257/p
Limpieza Y Hogar,Filtros para Cafetera de Papel MELITA 1x4 80 ud - Blanco,"2,99 €","0,04 €/ud",https://www.carrefour.es/supermercado/filtros-para-cafetera-de-papel-melita-1x4-80-ud-blanco-carrefour/R-526404026/p
Limpieza Y Hogar,Lavavajillas a mano concentrado aroma limón ecológico Frosch 750 ml.,"2,40 €","3,20 €/l",https://www.carrefour.es/supermercado/filtros-para-cafetera-de-papel-melita-1x4-80-ud-blanco-carrefour/R-526404026/p
Limpieza Y Hogar,Detergente líquido ecológico flor de naranjo y hojas cítricas Botanical Origin 35 lavados.,"10,30 €","0,29 €/ud",https://www.carrefour.es/supermercado/lavavajillas-a-mano-concentrado-aroma-limon-ecologico-frosch-750-ml-frosch/R-590206997/p
Limpieza Y Hogar,"Carbón Vegetal Don Carbón 2,5 Kg","2,95 €","1,18 €/kg",https://www.carrefour.es/supermercado/lavavajillas-a-mano-concentrado-aroma-limon-ecologico-frosch-750-ml-frosch/R-590206997/p
Limpieza Y Hogar,Gel WC Antical frescor Intenso Domestos 750 ml.,"1,79 €","0,24 €/100ml",https://www.carrefour.es/supermercado/detergente-liquido-ecologico-flor-de-naranjo-y-hojas-citricas-botanical-origin-35-lavados/R-VC4AECOMM-419040/p
Limpieza Y Hogar,Pastillas antical para lavadoras 3 en 1 en Calgon 45 ud.,"18,70 €","0,42 €/lavado",https://www.carrefour.es/supermercado/detergente-liquido-ecologico-flor-de-naranjo-y-hojas-citricas-botanical-origin-35-lavados/R-VC4AECOMM-419040/p
Limpieza Y Hogar,Colgador WC aroma melocotón duce y manzana roja Bref 2 ud.,"3,78 €","1,89 €/ud",https://www.carrefour.es/supermercado/HuchaPromocion?promoId=huchaDisc420121
Limpieza Y Hogar,Detergente líquico ecológico con jabón vegetal L'arbre Vert 30 lavados.,"8,50 €","0,28 €/lavado",https://www.carrefour.es/supermercado/carbon-vegetal-don-carbon-2-5-kg-don-carbon/R-prod760476/p
Limpieza Y Hogar,Fregasuelos concentrado multi superficies super perfumado multiusos aroma silver Disiclin 1000 ml.,"1,99 €","1,99 €/l",https://www.carrefour.es/supermercado/carbon-vegetal-don-carbon-2-5-kg-don-carbon/R-prod760476/p
Limpieza Y Hogar,Detergente líquido adiós al separar Dixan Total 70 lavados.,"12,75 €","0,18 €/lavado",https://www.carrefour.es/supermercado/gel-wc-antical-frescor-intenso-domestos-750-ml-domestos/R-prod270191/p
Limpieza Y Hogar,Detergente líquido alpine Ariel 66 lavados.,"16,90 €","0,26 €/lavado",https://www.carrefour.es/supermercado/gel-wc-antical-frescor-intenso-domestos-750-ml-domestos/R-prod270191/p
Limpieza Y Hogar,Limpiador desinfectante sin lejía multiusos active Disiclin 1000 ml,"2,10 €","2,10 €/l",https://www.carrefour.es/supermercado/HuchaPromocion?promoId=huchaDisc420123
Limpieza Y Hogar,Vela perfumada delicadezza Carrefour Essential 1 ud.,"1,70 €","1,70 €/ud",https://www.carrefour.es/supermercado/pastillas-antical-para-lavadoras-3-en-1-en-calgon-45-ud-calgon/R-558301521/p
Limpieza Y Hogar,Plumero de interior - Multicolor,"1,99 €","1,99 €/ud",https://www.carrefour.es/supermercado/pastillas-antical-para-lavadoras-3-en-1-en-calgon-45-ud-calgon/R-558301521/p
Limpieza Y Hogar,Quitamanchas blanco nuclear en polvo Iberia 450 g.,"4,15 €","9,22 €/kg",https://www.carrefour.es/supermercado/colgador-wc-aroma-melocoton-duce-y-manzana-roja-bref-2-ud-bref/R-prod770008/p
Limpieza Y Hogar,Papel de cocina compacto red label Renova 1 rollo,"2,15 €","2,15 €/ud",https://www.carrefour.es/supermercado/colgador-wc-aroma-melocoton-duce-y-manzana-roja-bref-2-ud-bref/R-prod770008/p
Limpieza Y Hogar,Gel para lavavajillas Oro aroma lima y limón Somat 35 lavados.,"5,49 €","0,16 €/lavado",https://www.carrefour.es/supermercado/HuchaPromocion?promoId=huchaDisc420114
Limpieza Y Hogar,Descalcificador Pequeño Electrodoméstico Carrefour 500 ml.,"1,80 €","3,60 €/l",https://www.carrefour.es/supermercado/detergente-liquico-ecologico-con-jabon-vegetal-larbre-vert-30-lavados-larbre-vert/R-prod870613/p
Limpieza Y Hogar,Suavizante concentrado cielo azul Vernel 174 lavados.,"7,40 €","0,04 €/ud",https://www.carrefour.es/supermercado/detergente-liquico-ecologico-con-jabon-vegetal-larbre-vert-30-lavados-larbre-vert/R-prod870613/p
Limpieza Y Hogar,Ambientador aerosol Pure Flor Air Wick 250 ml.,"4,40 €","17,60 €/l",https://www.carrefour.es/supermercado/fregasuelos-concentrado-multi-superficies-super-perfumado-multiusos-aroma-silver-disiclin-1000-ml-disiclin/R-prod870623/p
Limpieza Y Hogar,Quitamanchas en seco spray Cebralín 200 ml.,"3,20 €","16,00 €/l",https://www.carrefour.es/supermercado/fregasuelos-concentrado-multi-superficies-super-perfumado-multiusos-aroma-silver-disiclin-1000-ml-disiclin/R-prod870623/p
Limpieza Y Hogar,Bayeta Microfibra Multiuso de gran Tamaño SPONTEX 6 ud - Multicolor,"5,20 €","0,87 €/ud",https://www.carrefour.es/supermercado/detergente-liquido-adios-al-separar-dixan-total-70-lavados-dixan/R-fprod1400014/p
Limpieza Y Hogar,Set de Servilletas 1 capa de Celulosa RENOVA Red Label 420pz - Color y Decoradas,"4,90 €","0,01 €/ud",https://www.carrefour.es/supermercado/detergente-liquido-adios-al-separar-dixan-total-70-lavados-dixan/R-fprod1400014/p
Limpieza Y Hogar,Platos Cartón CARREFOUR 23 cm 50 ud,"2,95 €","0,06 €/ud",https://www.carrefour.es/supermercado/detergente-liquido-alpine-ariel-66-lavados/R-VC4AECOMM-473475/p
Limpieza Y Hogar,Papel higiénico húmedo Spa Sensation Scottex 66 ud.,"2,90 €","0,04 €/ud",https://www.carrefour.es/supermercado/papel-higienico-humedo-spa-sensation-scottex-66-ud-scottex/R-863200491/p
Limpieza Y Hogar,Quitamanchas en gel ropa blanca 4 Vanish Oxi-Action 900 ml.,"4,20 €","4,67 €/l",https://www.carrefour.es/supermercado/papel-higienico-humedo-spa-sensation-scottex-66-ud-scottex/R-863200491/p
Limpieza Y Hogar,Detergente liquido expert optimal clean frescor alpino Carrefour 36 lavados.,"4,70 €","0,13 €/lavado",https://www.carrefour.es/supermercado/HuchaPromocion?promoId=huchaDisc420117
Limpieza Y Hogar,Potenciador del lavado líquido Vanish Oxi-Advance 1600 ml.,"11,15 €","6,97 €/l",https://www.carrefour.es/supermercado/quitamanchas-en-gel-ropa-blanca-4-vanish-oxi-action-900-ml-vanish-oxiaction/R-fprod1270045/p
Limpieza Y Hogar,2 Led Estandar 9WE27 Blanca,"6,95 €","3,47 €/ud",https://www.carrefour.es/supermercado/quitamanchas-en-gel-ropa-blanca-4-vanish-oxi-action-900-ml-vanish-oxiaction/R-fprod1270045/p
Limpieza Y Hogar,Cubo VILEDA WRING & GO - Gris,"8,00 €","8,00 €/ud",https://www.carrefour.es/supermercado/detergente-liquido-expert-optimal-clean-frescor-alpino-carrefour-36-lavados/R-VC4AECOMM-465753/p
Limpieza Y Hogar,Pegamento super rápido gel 3x1g,"2,95 €","2,95 €/ud",https://www.carrefour.es/supermercado/detergente-liquido-expert-optimal-clean-frescor-alpino-carrefour-36-lavados/R-VC4AECOMM-465753/p
Limpieza Y Hogar,Ambientador Relax Zen recambio Glade by brise 1 ud.,"2,46 €","2,46 €/ud",https://www.carrefour.es/supermercado/potenciador-del-lavado-liquido-vanish-oxi-advance-1600-ml/R-VC4AECOMM-550402/p
Limpieza Y Hogar,Guante Desechable Vinilo SPONTEX Protect Talla 6 100 ud,"11,95 €","11,95 €/ud",https://www.carrefour.es/supermercado/potenciador-del-lavado-liquido-vanish-oxi-advance-1600-ml/R-VC4AECOMM-550402/p
Limpieza Y Hogar,"Set de 3 Botes Rectangulares de Plástico CRF HOME Carrefour 0,9 L. - Transparente","1,60 €","0,53 €/ud",https://www.carrefour.es/supermercado/2-led-estandar-9we27-blanca-7hsevenon/R-prod880317/p
Limpieza Y Hogar,Cintas Correctoras Carrefour 3x5m,"3,40 €","1,13 €/ud",https://www.carrefour.es/supermercado/2-led-estandar-9we27-blanca-7hsevenon/R-prod880317/p
Limpieza Y Hogar,Blanqueador de juntas de azulejos Baldosinín 200 ml.,"2,69 €","13,45 €/l",https://www.carrefour.es/supermercado/promocion?promoId=promof2530161
Limpieza Y Hogar,Ambientador eléctrico Flor Frescor Ropa recambio Air Wick 2 ud.,"6,27 €","3,13 €/ud",https://www.carrefour.es/supermercado/cubo-vileda-wring-go-gris-vileda/R-prod870243/p
Limpieza Y Hogar,"Pilas Alcalinas AA Duracell Ultra, paquete de 4","5,45 €","1,36 €/ud",https://www.carrefour.es/supermercado/cubo-vileda-wring-go-gris-vileda/R-prod870243/p
Limpieza Y Hogar,2 Estropajos con esponja Frotaspon Spontex - Azul,"2,30 €","1,15 €/ud",https://www.carrefour.es/supermercado/pegamento-super-rapido-gel-3x1g/R-VC4AECOMM-371094/p
Limpieza Y Hogar,"Cuchillo Chuletero de Acero Inoxidable RENBERG 10,5 cm - Inox","1,50 €","1,50 €/ud",https://www.carrefour.es/supermercado/pegamento-super-rapido-gel-3x1g/R-VC4AECOMM-371094/p
Limpieza Y Hogar,Detergente en polvo Wipp Express 100 lavados.,"17,00 €","0,17 €/lavado",https://www.carrefour.es/supermercado/ambientador-relax-zen-recambio-glade-by-brise-1-ud-glade-by-brise/R-712703605/p
Limpieza Y Hogar,Ambientador flor de vainilla Essential Mist recambio Air Wick 1 ud.,"5,65 €","5,65 €/ud",https://www.carrefour.es/supermercado/ambientador-relax-zen-recambio-glade-by-brise-1-ud-glade-by-brise/R-712703605/p
Limpieza Y Hogar,"Suavizante concentrado Elixir Herbal Flor 1,2 l.","3,85 €","3,21 €/l",https://www.carrefour.es/supermercado/promocion?promoId=promof2540001
Limpieza Y Hogar,"Limpiador de inodoros desinfectante en gel Domestos 1,25 l.","22,00 €","1,80 €/l",https://www.carrefour.es/supermercado/guante-desechable-vinilo-spontex-protect-talla-6-100-ud/R-VC4AECOMM-551145/p
Limpieza Y Hogar,Set de 3 Filtros de Plástico BRITA Maxtra +,"2,10 €","7,33 €/ud",https://www.carrefour.es/supermercado/guante-desechable-vinilo-spontex-protect-talla-6-100-ud/R-VC4AECOMM-551145/p
Limpieza Y Hogar,Recambio limpiador multiusos Cristasol 750 ml.,"13,70 €","2,80 €/l",https://www.carrefour.es/supermercado/promocion?promoId=promof2520035
Limpieza Y Hogar,Detergente líquido limpieza profunda Wipp Express 50 lavados.,"1,20 €","0,27 €/ud",https://www.carrefour.es/supermercado/set-de-3-botes-rectangulares-de-plastico-crf-home-carrefour-0-9-l-transparente-carrefour/R-609801630/p
Limpieza Y Hogar,Funda de escoba de interior de Microfibra Rozenbal - Azul,"1,90 €","1,90 €/ud",https://www.carrefour.es/supermercado/funda-de-escoba-de-interior-de-microfibra-rozenbal-azul-rozenbal/R-830003835/p
Limpieza Y Hogar,Caja de pañuelos Original Kleenex 70 ud.,"1,54 €","0,02 €/ud",https://www.carrefour.es/supermercado/funda-de-escoba-de-interior-de-microfibra-rozenbal-azul-rozenbal/R-830003835/p
Limpieza Y Hogar,8 Bayetas Multiusos de Microfibra Colors Vileda - Colores surtidos,"6,90 €","0,86 €/ud",https://www.carrefour.es/supermercado/caja-de-panuelos-original-kleenex-70-ud-kleenex/R-784712319/p
Limpieza Y Hogar,Antihumedad aroma neutro aparato y recambio Carrefour 1 ud.,"3,15 €","3,15 €/ud",https://www.carrefour.es/supermercado/caja-de-panuelos-original-kleenex-70-ud-kleenex/R-784712319/p
Limpieza Y Hogar,Set de 20 Tenedores Plásico Reutilizable NUPIK,"1,35 €","0,07 €/ud",https://www.carrefour.es/supermercado/HuchaPromocion?promoId=huchaDisc420117
Limpieza Y Hogar,Colgador WC Poder Activo aroma limón Bref 1 ud.,"1,75 €","1,75 €/ud",https://www.carrefour.es/supermercado/8-bayetas-multiusos-de-microfibra-colors-vileda-colores-surtidos-vileda/R-830700252/p
Limpieza Y Hogar,Papel higiénico húmedo Aloe vera Colhogar 80 ud.,"3,05 €","0,04 €/ud",https://www.carrefour.es/supermercado/8-bayetas-multiusos-de-microfibra-colors-vileda-colores-surtidos-vileda/R-830700252/p
Limpieza Y Hogar,Caja de 40 Filtros Para Cafetera de Papel MELITA 1x2 - Beige,"1,90 €","0,05 €/ud",https://www.carrefour.es/supermercado/antihumedad-aroma-neutro-aparato-y-recambio-carrefour-1-ud-carrefour/R-521016267/p
Limpieza Y Hogar,Set de 40 Servilletas 2 capas de Celulosa RENOVA Gold 40pz - Rojo,"2,10 €","0,05 €/ud",https://www.carrefour.es/supermercado/antihumedad-aroma-neutro-aparato-y-recambio-carrefour-1-ud-carrefour/R-521016267/p
Limpieza Y Hogar,Ambientador automático recambio Pure Clean Linen Glade 18 ml.,"2,69 €","2,69 €/ud",https://www.carrefour.es/supermercado/set-de-20-tenedores-plasico-reutilizable-nupik/R-VC4AECOMM-574184/p
Limpieza Y Hogar,Lejia para ropa perfumada Ace 4 l.,"2,94 €","0,73 €/l",https://www.carrefour.es/supermercado/set-de-20-tenedores-plasico-reutilizable-nupik/R-VC4AECOMM-574184/p
Limpieza Y Hogar,Agua de plancha perfumada Mimosín 1 l.,"1,87 €","1,87 €/l",https://www.carrefour.es/supermercado/colgador-wc-poder-activo-aroma-limon-bref-1-ud-bref/R-635601706/p
Limpieza Y Hogar,Colgador WC activo triple acción azul recambio Pato 2 ud.,"3,65 €","1,82 €/ud",https://www.carrefour.es/supermercado/colgador-wc-poder-activo-aroma-limon-bref-1-ud-bref/R-635601706/p
Limpieza Y Hogar,Detergente en polvo oxígeno activo Edil 40 lavados.,"2,95 €","0,07 €/lavado",https://www.carrefour.es/supermercado/papel-higienico-humedo-aloe-vera-colhogar-80-ud-colhogar/R-prod810086/p
Limpieza Y Hogar,Limpiador de vitrocerámica e inducción aroma naranja roja ecológico Frosch 750 ml.,"4,40 €","5,87 €/l",https://www.carrefour.es/supermercado/papel-higienico-humedo-aloe-vera-colhogar-80-ud-colhogar/R-prod810086/p
Limpieza Y Hogar,Detergente líquido limpio y liso Wipp 50 lavados.,"12,35 €","0,25 €/lavado",https://www.carrefour.es/supermercado/caja-de-40-filtros-para-cafetera-de-papel-melita-1x2-beige/R-526204688/p
Limpieza Y Hogar,Detergente en cápsulas verde Expert Carrefour 30 ud.,"6,00 €","0,20 €/lavado",https://www.carrefour.es/supermercado/caja-de-40-filtros-para-cafetera-de-papel-melita-1x2-beige/R-526204688/p
Limpieza Y Hogar,Set de Mopa con Palo Carrefour,"9,99 €","9,99 €/ud",https://www.carrefour.es/supermercado/set-de-40-servilletas-2-capas-de-celulosa-renova-gold-40pz-rojo-renova/R-791630298/p
Limpieza Y Hogar,Set 10 Perchas Metálicas CARREFOUR HOME - Blanca,"1,70 €","0,17 €/ud",https://www.carrefour.es/supermercado/set-de-40-servilletas-2-capas-de-celulosa-renova-gold-40pz-rojo-renova/R-791630298/p
Limpieza Y Hogar,Insecticida Hogar y Plantas Carrefour 750 ml.,"1,85 €","2,47 €/l",https://www.carrefour.es/supermercado/ambientador-automatico-recambio-pure-clean-linen-glade-18-ml-glade/R-prod1070418/p
Limpieza Y Hogar,Lavavajillas a máquina Fairy Platinum Gel 45 lavados.,"8,35 €","0,19 €/lavado",https://www.carrefour.es/supermercado/ambientador-automatico-recambio-pure-clean-linen-glade-18-ml-glade/R-prod1070418/p
Limpieza Y Hogar,Quitamanchas sin lejía líquido Vanish 3 l.,"6,09 €","2,03 €/l",https://www.carrefour.es/supermercado/promocion?promoId=promof2540001
Limpieza Y Hogar,Cepillo Lavavajillas Redondo Carrefour - Verde,"1,50 €","1,50 €/ud",https://www.carrefour.es/supermercado/lejia-para-ropa-perfumada-ace-4-l-ace/R-522713937/p
Limpieza Y Hogar,Limpia Cristales de Caucho y Polipropileno Carrefour - Verde,"2,30 €","2,30 €/ud",https://www.carrefour.es/supermercado/lejia-para-ropa-perfumada-ace-4-l-ace/R-522713937/p
Limpieza Y Hogar,Ambientador electrico aire fresco 3 volution Ambipur 1 ud.,"4,60 €","4,60 €/ud",https://www.carrefour.es/supermercado/ambientador-electrico-aire-fresco-3-volution-ambipur-1-ud/R-VC4AECOMM-530432/p
Limpieza Y Hogar,Limpiahogar multiusos aroma limón Pronto 300 ml.,"3,15 €","10,50 €/l",https://www.carrefour.es/supermercado/ambientador-electrico-aire-fresco-3-volution-ambipur-1-ud/R-VC4AECOMM-530432/p
Limpieza Y Hogar,Colgador antipolillas perfumados lavanda fresca Polil 4 ud.,"3,70 €","0,92 €/ud",https://www.carrefour.es/supermercado/promocion?promoId=promof2530003
Limpieza Y Hogar,Lavavajillas máquina quantum ultimate en pastillas Finish 65 ud.,"20,05 €","0,31 €/ud",https://www.carrefour.es/supermercado/limpiahogar-multiusos-aroma-limon-pronto-300-ml-pronto/R-521001941/p
Limpieza Y Hogar,Detergente en cápsulas Active Clean Doble Acción Skip 28 ud.,"7,60 €","0,27 €/lavado",https://www.carrefour.es/supermercado/limpiahogar-multiusos-aroma-limon-pronto-300-ml-pronto/R-521001941/p
Limpieza Y Hogar,"Bote Cuadrado de Plástico CARREFOUR HOME 0,7l 3 ud - Bicolor","1,60 €","0,53 €/ud",https://www.carrefour.es/supermercado/colgador-antipolillas-perfumados-lavanda-fresca-polil-4-ud-polil/R-521028623/p
Limpieza Y Hogar,12 Bolsas de basura Vileda Autocierre Style 50 Litros - Azul,"2,90 €","0,24 €/ud",https://www.carrefour.es/supermercado/colgador-antipolillas-perfumados-lavanda-fresca-polil-4-ud-polil/R-521028623/p
Limpieza Y Hogar,Bolígrafos Bic Cristal Azul 5 uds,"2,39 €","0,48 €/ud",https://www.carrefour.es/supermercado/lavavajillas-maquina-quantum-ultimate-en-pastillas-finish-65-ud-finish/R-prod1170152/p
Limpieza Y Hogar,"Detergente lavavajillas en polvo Finish Classic 2,5 kg.","10,80 €","4,32 €/kg",https://www.carrefour.es/supermercado/lavavajillas-maquina-quantum-ultimate-en-pastillas-finish-65-ud-finish/R-prod1170152/p
Limpieza Y Hogar,Recambio de ambientador automático Relaxing Zen Glade 18 ml.,"2,69 €","2,69 €/ud",https://www.carrefour.es/supermercado/HuchaPromocion?promoId=huchaDisc420111
Limpieza Y Hogar,Lavavajillas máquina en cápsulas Original All In One Fairy 31 ud.,"10,90 €","0,35 €/ud",https://www.carrefour.es/supermercado/detergente-en-capsulas-active-clean-doble-accion-skip-28-ud-skip/R-801413154/p
Limpieza Y Hogar,Fregona ultra Resistente KH7 - Lila,"8,60 €","3,50 €/ud",https://www.carrefour.es/supermercado/detergente-en-capsulas-active-clean-doble-accion-skip-28-ud-skip/R-801413154/p
Limpieza Y Hogar,Perfume para la ropa en perlas concentrado fresh Unstoppables Lenor 285 g.,"10,25 €","30,18 €/kg",https://www.carrefour.es/supermercado/bote-cuadrado-de-plastico-carrefour-home-0-7l-3-ud-bicolor-carrefour/R-860400670/p
Limpieza Y Hogar,Detergente líquido Moussel Skip 50 lavados.,"6,60 €","0,20 €/lavado",https://www.carrefour.es/supermercado/bote-cuadrado-de-plastico-carrefour-home-0-7l-3-ud-bicolor-carrefour/R-860400670/p
Limpieza Y Hogar,Antical para lavadoras 2 en 1 en pastillas Calgon 15 ud.,"1,59 €","0,44 €/lavado",https://www.carrefour.es/supermercado/12-bolsas-de-basura-vileda-autocierre-style-50-litros-azul-vileda/R-825812472/p
Limpieza Y Hogar,Estropajo Fibra y Espuma SPONTEX Zero 2+1,"3,85 €","0,53 €/ud",https://www.carrefour.es/supermercado/12-bolsas-de-basura-vileda-autocierre-style-50-litros-azul-vileda/R-825812472/p
Limpieza Y Hogar,Ambientador absorbeolor relazing zen Glade pack de 2 unidades de 150 g.,"1,79 €","12,83 €/kg",https://www.carrefour.es/supermercado/boligrafos-bic-cristal-azul-5-uds-bic/R-521034282/p
Limpieza Y Hogar,Gel WC ultra white domestos 750 ml,"4,10 €","0,24 €/100ml",https://www.carrefour.es/supermercado/boligrafos-bic-cristal-azul-5-uds-bic/R-521034282/p
Limpieza Y Hogar,"Quitamanchas en gel ropa blanca 5 Vanish Oxi-Action 1,8 l.","3,20 €","4,22 €/l",https://www.carrefour.es/supermercado/HuchaPromocion?promoId=huchaDisc420151
Limpieza Y Hogar,Papel de cocina Pro - Expert Colhogar 1 rollo.,"12,40 €","4,10 €/ud",https://www.carrefour.es/supermercado/detergente-lavavajillas-en-polvo-finish-classic-2-5-kg-finish/R-prod1120245/p
Limpieza Y Hogar,Palo de fregar octogonal Vileda - Rojo,"1,20 €","3,20 €/ud",https://www.carrefour.es/supermercado/detergente-lavavajillas-en-polvo-finish-classic-2-5-kg-finish/R-prod1120245/p
Limpieza Y Hogar,Cubo de fregar de Plástico VILEDA Super Fácil 10 Litros - Rojo,"1,80 €","12,40 €/ud",https://www.carrefour.es/supermercado/recambio-de-ambientador-automatico-relaxing-zen-glade-18-ml-glade/R-prod1070557/p
Limpieza Y Hogar,Mantillo Universal 20 L Carrefour,"3,95 €","0,20 €/l",https://www.carrefour.es/supermercado/mantillo-universal-20-l-carrefour-carrefour/R-613003796/p
Limpieza Y Hogar,Lavavajillas a mano Ultra Plus Mistol 650 ml.,"1,47 €","2,26 €/l",https://www.carrefour.es/supermercado/mantillo-universal-20-l-carrefour-carrefour/R-613003796/p
Limpieza Y Hogar,Gel para lavavajillas Oro frescor anti-olor con vinagre Somat 35 lavados.,"5,49 €","0,16 €/lavado",https://www.carrefour.es/supermercado/lavavajillas-a-mano-ultra-plus-mistol-650-ml-mistol/R-595201786/p
Limpieza Y Hogar,Bolsas antipolillas perfume ropa limpia Carrefour 24 ud.,"1,20 €","1,20 €/ud",https://www.carrefour.es/supermercado/lavavajillas-a-mano-ultra-plus-mistol-650-ml-mistol/R-595201786/p
Limpieza Y Hogar,Quitamanchas en gel Power Gel Vanish 200 ml.,"4,70 €","23,50 €/l",https://www.carrefour.es/supermercado/gel-para-lavavajillas-oro-frescor-anti-olor-con-vinagre-somat-35-lavados-somat/R-673601653/p
Limpieza Y Hogar,Desengrasante azul Brumol 1 l.,"1,39 €","1,39 €/l",https://www.carrefour.es/supermercado/gel-para-lavavajillas-oro-frescor-anti-olor-con-vinagre-somat-35-lavados-somat/R-673601653/p
Limpieza Y Hogar,Cepillo de Uñas Doble Cara CARREFOUR,"0,99 €","0,99 €/ud",https://www.carrefour.es/supermercado/promocion?promoId=promof2530020
Limpieza Y Hogar,Bayeta Microfibra recicladas SPONTEX 2 ud - Bicolor,"2,69 €","1,34 €/ud",https://www.carrefour.es/supermercado/bolsas-antipolillas-perfume-ropa-limpia-carrefour-24-ud-carrefour/R-prod231107/p
Limpieza Y Hogar,Detergente liquido para ropa deportiva Carrefour Expert 40 lavados.,"3,39 €","0,08 €/lavado",https://www.carrefour.es/supermercado/bolsas-antipolillas-perfume-ropa-limpia-carrefour-24-ud-carrefour/R-prod231107/p
Limpieza Y Hogar,Caja con Tapa de Plástico Basic CARREFOUR HOME 18 Litros - Transparente,"4,99 €","4,99 €/ud",https://www.carrefour.es/supermercado/quitamanchas-en-gel-power-gel-vanish-200-ml-vanish/R-742319080/p
Limpieza Y Hogar,Ambientador automático Fresh Matic Nenuco aparato y recambio Air Wick 1 ud.,"7,40 €","7,40 €/ud",https://www.carrefour.es/supermercado/quitamanchas-en-gel-power-gel-vanish-200-ml-vanish/R-742319080/p
Limpieza Y Hogar,Vela perfumada de cera natural vainilla y magnolia del himalaya Air Wick Botanica 1 ud.,"6,35 €","30,98 €/kg",https://www.carrefour.es/supermercado/desengrasante-azul-brumol-1-l-brumol/R-668105221/p
Limpieza Y Hogar,Pack de 20 Pilas Alcalinas I-Tech Carrefour Lr06 (Aa),"9,90 €","0,49 €/ud",https://www.carrefour.es/supermercado/desengrasante-azul-brumol-1-l-brumol/R-668105221/p
Limpieza Y Hogar,Ambientador Discreet Lavanda y Jazmín recambio Glade by brise 1 ud.,"2,46 €","2,46 €/ud",https://www.carrefour.es/supermercado/cepillo-de-unas-doble-cara-carrefour-carrefour/R-527031092/p
Limpieza Y Hogar,Pegamento Loctite con Pince Súper glue-3 5 gr,"8,95 €","1.790,00 €/kg",https://www.carrefour.es/supermercado/cepillo-de-unas-doble-cara-carrefour-carrefour/R-527031092/p
Limpieza Y Hogar,Gel desincrustante WC sin lejía Ace 700 ml.,"2,10 €","3,00 €/l",https://www.carrefour.es/supermercado/bayeta-microfibra-recicladas-spontex-2-ud-bicolor/R-VC4AECOMM-490055/p
Limpieza Y Hogar,Ambientador varillas azahar y mandarina Cristalinas 45 ml.,"4,50 €","4,60 €/ud",https://www.carrefour.es/supermercado/bayeta-microfibra-recicladas-spontex-2-ud-bicolor/R-VC4AECOMM-490055/p
Limpieza Y Hogar,"Recipiente Hermético Cuadrado de Cristal 0,8 L. - Transparente","15,00 €","4,50 €/ud",https://www.carrefour.es/supermercado/HuchaPromocion?promoId=huchaDisc420148
Limpieza Y Hogar,Set de 2 Filtros de Plástico BRITA Maxtra,"2,50 €","7,50 €/ud",https://www.carrefour.es/supermercado/detergente-liquido-para-ropa-deportiva-carrefour-expert-40-lavados/R-VC4AECOMM-513577/p
Limpieza Y Hogar,Ambientador Decosphere Mango Air Wick 1 ud.,"5,45 €","5,15 €/ud",https://www.carrefour.es/supermercado/detergente-liquido-para-ropa-deportiva-carrefour-expert-40-lavados/R-VC4AECOMM-513577/p
Limpieza Y Hogar,Limpiacristales con brillo protector Luminia 750 ml.,"3,60 €","3,33 €/l",https://www.carrefour.es/supermercado/caja-con-tapa-de-plastico-basic-carrefour-home-18-litros-transparente-carrefour-home/R-760001845/p
Limpieza Y Hogar,Limpiador alfombras y tapicerías Omino Bianco 300 ml.,"5,15 €","18,17 €/l",https://www.carrefour.es/supermercado/caja-con-tapa-de-plastico-basic-carrefour-home-18-litros-transparente-carrefour-home/R-760001845/p
Limpieza Y Hogar,Cepillo Lavar con Asa VIGAR - Azul,"2,20 €","2,20 €/ud",https://www.carrefour.es/supermercado/cepillo-lavar-con-asa-vigar-azul-vigar/R-829518196/p
Limpieza Y Hogar,Quitamanchas color acción total antimanchas sin lejia Neutrex 600 ml.,"3,30 €","5,50 €/l",https://www.carrefour.es/supermercado/cepillo-lavar-con-asa-vigar-azul-vigar/R-829518196/p
Limpieza Y Hogar,BAYETA SPONTEX N.3,"3,20 €","1,07 €/ud",https://www.carrefour.es/supermercado/quitamanchas-color-accion-total-antimanchas-sin-lejia-neutrex-600-ml-neutrex/R-835033392/p
Limpieza Y Hogar,Duo Estropajos con Esponja SPONTEX Frotaspon,"2,50 €","2,50 €/ud",https://www.carrefour.es/supermercado/quitamanchas-color-accion-total-antimanchas-sin-lejia-neutrex-600-ml-neutrex/R-835033392/p
Limpieza Y Hogar,Ambientador automático Fresh Matic White Bouquet Pack recambio Air Wick 2 ud.,"7,55 €","7,55 €/ud",https://www.carrefour.es/supermercado/bayeta-spontex-n3/R-783909200/p
Limpieza Y Hogar,Cinta Adhesiva Transparente 2 uds,"2,30 €","1,15 €/ud",https://www.carrefour.es/supermercado/bayeta-spontex-n3/R-783909200/p
Limpieza Y Hogar,Limpiador multiusos ecológico jazmín fresco y lavanda silvestre Botanical Origin 500 ml.,"4,95 €","5,70 €/l",https://www.carrefour.es/supermercado/HuchaPromocion?promoId=huchaDisc420148
Limpieza Y Hogar,"Pilas Alcalinas AAA Duracell Plus, paquete de 4","2,10 €","1,24 €/ud",https://www.carrefour.es/supermercado/duo-estropajos-con-esponja-spontex-frotaspon-spontex/R-521032847/p
Limpieza Y Hogar,Limpiador desinfectante gespostar plus Asevi 1 l.,"9,10 €","2,10 €/l",https://www.carrefour.es/supermercado/duo-estropajos-con-esponja-spontex-frotaspon-spontex/R-521032847/p
Limpieza Y Hogar,Lavavajillas a máquina en pastillas oro Somat 35 ud.,"17,65 €","0,26 €/ud",https://www.carrefour.es/supermercado/ambientador-automatico-fresh-matic-white-bouquet-pack-recambio-air-wick-2-ud-air-wick/R-521016208/p
Limpieza Y Hogar,Lavavajillas máquina Todo en 1 Max Finish 65 ud.,"5,65 €","0,27 €/ud",https://www.carrefour.es/supermercado/ambientador-automatico-fresh-matic-white-bouquet-pack-recambio-air-wick-2-ud-air-wick/R-521016208/p
Limpieza Y Hogar,Ambientador lavanda Essential Mist recambio Air Wick 1 ud.,"1,35 €","5,65 €/ud",https://www.carrefour.es/supermercado/HuchaPromocion?promoId=huchaDisc420080
Limpieza Y Hogar,Suavizante concentrado fresca suavidad temptation Flor Elixir 50 lavados.,"1,99 €","0,08 €/lavado",https://www.carrefour.es/supermercado/cinta-adhesiva-transparente-2-uds-carrefour/R-606509537/p
Limpieza Y Hogar,Set de 20 Cucharadas Plástico Reutilizable NUPIK,"1,80 €","0,07 €/ud",https://www.carrefour.es/supermercado/cinta-adhesiva-transparente-2-uds-carrefour/R-606509537/p
Limpieza Y Hogar,Bolsas de conservación de 25x32 cm. Albal 30 ud.,"1,99 €","0,07 €/ud",https://www.carrefour.es/supermercado/limpiador-multiusos-ecologico-jazmin-fresco-y-lavanda-silvestre-botanical-origin-500-ml/R-VC4AECOMM-419017/p
Limpieza Y Hogar,Ambientador mini spray Colonia aparato y recambio Carrefour 1 ud.,"3,90 €","1,80 €/ud",https://www.carrefour.es/supermercado/limpiador-multiusos-ecologico-jazmin-fresco-y-lavanda-silvestre-botanical-origin-500-ml/R-VC4AECOMM-419017/p
Limpieza Y Hogar,"Hermetico Rosca de Plástico TATAY 0,5 L. - Opaco","1,99 €","1,99 €/ud",https://www.carrefour.es/supermercado/HuchaPromocion?promoId=huchaDisc420121
Limpieza Y Hogar,Pack de 6 Pilas Alcalinas I-Tech Carrefour Lr03 (Aaa),"17,15 €","0,65 €/ud",https://www.carrefour.es/supermercado/pilas-alcalinas-aaa-duracell-plus-paquete-de-4-duracell/R-717313942/p
Limpieza Y Hogar,"Limpiahogar Brillo Carrefour 1,5 l.","4,05 €","1,33 €/l",https://www.carrefour.es/supermercado/pilas-alcalinas-aaa-duracell-plus-paquete-de-4-duracell/R-717313942/p
Limpieza Y Hogar,Lavavajillas máquina Todo en 1 en gel Finish pack de 2 unidades de 50 lavados.,"4,05 €","0,17 €/lavado",https://www.carrefour.es/supermercado/promocion?promoId=promof2530125
Limpieza Y Hogar,AMB RECA FRESH M FLOR AIR WICK,"4,00 €","4,05 €/ud",https://www.carrefour.es/supermercado/limpiador-desinfectante-gespostar-plus-asevi-1-l/R-VC4AECOMM-504955/p
Limpieza Y Hogar,AMB.REC.F.MATIC NENUCO AIRWICK,"18,55 €","4,05 €/ud",https://www.carrefour.es/supermercado/limpiador-desinfectante-gespostar-plus-asevi-1-l/R-VC4AECOMM-504955/p
Mascotas,Pienso de salmón con arroz para perro adulto Purina Beyond Bio 700 g.,"6,95 €","9,93 €/kg",https://www.carrefour.es/supermercado/pienso-de-salmon-con-arroz-para-perro-adulto-purina-beyond-bio-700-g/R-VC4AECOMM-488324/p
Mascotas,"Arena Absorbente para Gatos 7 l, Carrefour","0,89 €","0,13 €/l",https://www.carrefour.es/supermercado/pienso-de-salmon-con-arroz-para-perro-adulto-purina-beyond-bio-700-g/R-VC4AECOMM-488324/p
Mascotas,"Arena Absorbente Higiénica 10 Kg, Carrefour","2,20 €","0,14 €/l",https://www.carrefour.es/supermercado/arena-absorbente-para-gatos-7-l-carrefour-carrefour/R-720861307/p
Mascotas,"Arena Perlas para Gato Vitakraft Gel Silice 4,2 L","5,90 €","1,40 €/l",https://www.carrefour.es/supermercado/arena-absorbente-para-gatos-7-l-carrefour-carrefour/R-720861307/p
Mascotas,"Arena Absorbente Perfumada 5 Kg, Carrefour","1,35 €","0,17 €/l",https://www.carrefour.es/supermercado/arena-absorbente-higienica-10-kg-carrefour-carrefour/R-521034079/p
Mascotas,"Arena Absorbente Perfumada 10 Kg, Carrefour","2,70 €","0,17 €/l",https://www.carrefour.es/supermercado/arena-absorbente-higienica-10-kg-carrefour-carrefour/R-521034079/p
Mascotas,Arena Aglomerante Compacta Carrefour 4Kg,"2,90 €","0,72 €/kg",https://www.carrefour.es/supermercado/arena-perlas-para-gato-vitakraft-gel-silice-4-2-l-vitakraft/R-720862001/p
Mascotas,Bolsas higiénicas para perro Vitakraft,"2,00 €","0,02 €/ud",https://www.carrefour.es/supermercado/arena-perlas-para-gato-vitakraft-gel-silice-4-2-l-vitakraft/R-720862001/p
Mascotas,Arena Aglomerante para Gatos 10l Carrefour,"5,95 €","0,59 €/l",https://www.carrefour.es/supermercado/arena-absorbente-perfumada-5-kg-carrefour-carrefour/R-521007811/p
Mascotas,Purina Gourmet Gold Comida Húmeda para Gato Mousse Surtido 12x85g,"6,80 €","6,67 €/kg",https://www.carrefour.es/supermercado/arena-absorbente-perfumada-5-kg-carrefour-carrefour/R-521007811/p
Mascotas,Alimento Húmedo para Gato con Pollo y Zanahorias 400gr,"0,31 €","0,77 €/kg",https://www.carrefour.es/supermercado/arena-absorbente-perfumada-10-kg-carrefour-carrefour/R-521034081/p
Mascotas,Ultima Pienso para Gato Esterilizado Sabor pollo 3kg,"14,25 €","4,75 €/kg",https://www.carrefour.es/supermercado/arena-absorbente-perfumada-10-kg-carrefour-carrefour/R-521034081/p
Mascotas,Alimento Húmedo para Gato con Atún y Zanahorias 400gr,"0,31 €","0,77 €/kg",https://www.carrefour.es/supermercado/arena-aglomerante-compacta-carrefour-4kg-carrefour/R-521007813/p
Mascotas,Ultima Pienso para Gato Esterelizado Sabor salmón 3kg,"14,25 €","4,75 €/kg",https://www.carrefour.es/supermercado/arena-aglomerante-compacta-carrefour-4kg-carrefour/R-521007813/p
Mascotas,Alimento Húmedo para Gato con Buey y Zanahorias 400gr,"0,31 €","0,77 €/kg",https://www.carrefour.es/supermercado/bolsas-higienicas-para-perro-vitakraft-vitakraft/R-720861546/p
Mascotas,"Brekkies Pienso para Gato Adultos buey, ternera y verduras 4 kg","8,05 €","2,01 €/kg",https://www.carrefour.es/supermercado/bolsas-higienicas-para-perro-vitakraft-vitakraft/R-720861546/p
Mascotas,"Brekkies Pienso para Gato Adultos salmón, atún y verdura 4 kg","8,05 €","2,01 €/kg",https://www.carrefour.es/supermercado/arena-aglomerante-para-gatos-10l-carrefour-carrefour/R-800038898/p
Mascotas,Purina Friskies Pienso para Gato Adulto Bacalao y Verduras 4Kg,"7,95 €","1,99 €/kg",https://www.carrefour.es/supermercado/arena-aglomerante-para-gatos-10l-carrefour-carrefour/R-800038898/p
Mascotas,Carrefour Comida Húmeda para Perro de Buey 300g,"0,55 €","1,83 €/kg",https://www.carrefour.es/supermercado/purina-gourmet-gold-comida-humeda-para-gato-mousse-surtido-12x85g-gourmet-gold/R-720861425/p
Mascotas,Purina Felix Comida Húmeda para Gato Gelatina Selección Surtido de Carnes 12x100g,"4,50 €","3,75 €/kg",https://www.carrefour.es/supermercado/purina-gourmet-gold-comida-humeda-para-gato-mousse-surtido-12x85g-gourmet-gold/R-720861425/p
Mascotas,Snack para perros Purina Friskies Funtastix 175 g.,"1,90 €","10,86 €/kg",https://www.carrefour.es/supermercado/alimento-humedo-para-gato-con-pollo-y-zanahorias-400gr-carrefour/R-550901711/p
Mascotas,Pienso de buey para perros Brekkies Mix Excel 15 Kg.,"23,45 €","1,56 €/kg",https://www.carrefour.es/supermercado/alimento-humedo-para-gato-con-pollo-y-zanahorias-400gr-carrefour/R-550901711/p
Mascotas,Snack para perros Frolic smiley sticks 175 g.,"1,63 €","0,23 €/ud",https://www.carrefour.es/supermercado/ultima-pienso-para-gato-esterilizado-sabor-pollo-3kg-ultima/R-550901695/p
Mascotas,"Purina Friskies Pienso para Gato Adulto Conejo, Pollo y Verduras 4Kg","7,95 €","1,99 €/kg",https://www.carrefour.es/supermercado/ultima-pienso-para-gato-esterilizado-sabor-pollo-3kg-ultima/R-550901695/p
Mascotas,Purina Felix Comida Húmeda para Gato Fantastic Selección Festín del Mar en Gelatina 12x100g,"5,85 €","4,87 €/kg",https://www.carrefour.es/supermercado/purina-felix-comida-humeda-para-gato-fantastic-seleccion-festin-del-mar-en-gelatina-12x100g-felix/R-791585664/p
Mascotas,Pienso de pollo y cereales para perros adultos Brekkies 15 Kg.,"23,45 €","1,56 €/kg",https://www.carrefour.es/supermercado/purina-felix-comida-humeda-para-gato-fantastic-seleccion-festin-del-mar-en-gelatina-12x100g-felix/R-791585664/p
Mascotas,"Croquetas para Gato Carne, Carrefour","4,60 €","1,15 €/kg",https://www.carrefour.es/supermercado/pienso-de-pollo-y-cereales-para-perros-adultos-brekkies-15-kg-brekkies/R-521033994/p
Mascotas,Ultima Pienso para Gato Esterilizado control bolas de Pelo Sabor Pavo 3kg.,"14,25 €","4,75 €/kg",https://www.carrefour.es/supermercado/pienso-de-pollo-y-cereales-para-perros-adultos-brekkies-15-kg-brekkies/R-521033994/p
Mascotas,Snack dental Carrefour para perros medianos o grandes pack 7 sticks,"1,24 €","6,89 €/kg",https://www.carrefour.es/supermercado/croquetas-para-gato-carne-carrefour-carrefour/R-521013563/p
Mascotas,Pienso de pollo y cereales para perros adultos Dream 20 Kg.,"10,39 €","0,52 €/kg",https://www.carrefour.es/supermercado/croquetas-para-gato-carne-carrefour-carrefour/R-521013563/p
Mascotas,Purina Friskies Pienso para Gatos Esterilizados Gato Adulto Pavo y Verduras 3Kg,"7,75 €","2,58 €/kg",https://www.carrefour.es/supermercado/ultima-pienso-para-gato-esterilizado-control-bolas-de-pelo-sabor-pavo-3kg-ultima/R-prod190252/p
Mascotas,Carrefour Comida Húmeda para Perros de Buey 1200g,"1,27 €","1,03 €/kg",https://www.carrefour.es/supermercado/ultima-pienso-para-gato-esterilizado-control-bolas-de-pelo-sabor-pavo-3kg-ultima/R-prod190252/p
Mascotas,Pienso para perro adulto bon menú Receta Mediterránea 4 Kg.,"6,00 €","1,50 €/kg",https://www.carrefour.es/supermercado/snack-dental-carrefour-para-perros-medianos-o-grandes-pack-7-sticks-carrefour/R-prod240528/p
Mascotas,"Alimento Húmedo para Gatos Pescado 12x100 gr, Carrefour","2,89 €","2,41 €/kg",https://www.carrefour.es/supermercado/snack-dental-carrefour-para-perros-medianos-o-grandes-pack-7-sticks-carrefour/R-prod240528/p
Mascotas,Purina Felix Comida Húmeda para Gato Gelatina Pollo y Pato 400g,"0,74 €","1,90 €/kg",https://www.carrefour.es/supermercado/pienso-de-pollo-y-cereales-para-perros-adultos-dream-20-kg-dream/R-720861155/p
Mascotas,Catisfactions Premios para Gatos Sabor Pollo 60gr,"1,49 €","24,83 €/kg",https://www.carrefour.es/supermercado/pienso-de-pollo-y-cereales-para-perros-adultos-dream-20-kg-dream/R-720861155/p
Mascotas,Pienso de buey para perro adulto Purina Friskies Vitafit Active 15 Kg.,"23,55 €","1,57 €/kg",https://www.carrefour.es/supermercado/purina-friskies-pienso-para-gatos-esterilizados-gato-adulto-pavo-y-verduras-3kg-friskies/R-prod231270/p
Mascotas,Carrefour Comida Húmeda para Perros Adulto de Pavo con Zanahorias 300g,"0,55 €","1,83 €/kg",https://www.carrefour.es/supermercado/purina-friskies-pienso-para-gatos-esterilizados-gato-adulto-pavo-y-verduras-3kg-friskies/R-prod231270/p
Mascotas,Snack de bacón para perros Purina Friskies Bon Bacon 120 g.,"1,99 €","16,58 €/kg",https://www.carrefour.es/supermercado/promocion?promoId=promof2530152
Mascotas,Arena para Gato Sanicat 7 Days 4 L,"2,95 €","0,74 €/l",https://www.carrefour.es/supermercado/carrefour-comida-humeda-para-perros-de-buey-1200g-carrefour/R-720860925/p
Mascotas,Ultima Pienso para Gato Adulto Esterilizado Sabor buey 3kg.,"14,25 €","4,75 €/kg",https://www.carrefour.es/supermercado/carrefour-comida-humeda-para-perros-de-buey-1200g-carrefour/R-720860925/p
Mascotas,Purina Gourmet Gold Comida Húmeda para Gato Doble Placer Surtido 12x85g,"6,85 €","6,72 €/kg",https://www.carrefour.es/supermercado/pienso-para-perro-adulto-bon-menu-receta-mediterranea-4-kg-bon-menu/R-521007863/p
Mascotas,Brekkies Pienso para Gato esterilizados 3 kg,"8,45 €","2,82 €/kg",https://www.carrefour.es/supermercado/pienso-para-perro-adulto-bon-menu-receta-mediterranea-4-kg-bon-menu/R-521007863/p
Mascotas,Catisfactions Premios para Gatos Sabor Salmón 60gr,"1,49 €","24,83 €/kg",https://www.carrefour.es/supermercado/alimento-humedo-para-gatos-pescado-12x100-gr-carrefour-carrefour/R-720861151/p
Mascotas,Carrefour Snacks Mix Galletas para Perro 550g,"1,20 €","2,40 €/kg",https://www.carrefour.es/supermercado/alimento-humedo-para-gatos-pescado-12x100-gr-carrefour-carrefour/R-720861151/p
Mascotas,"Purina Gourmet Mon Petit Comida Húmeda para Gato Atún, Salmón y Trucha 6x50g","2,50 €","8,33 €/kg",https://www.carrefour.es/supermercado/purina-felix-comida-humeda-para-gato-gelatina-pollo-y-pato-400g-felix/R-521013115/p
Mascotas,"Purina Tidy Cats Arena para Gatos Aglomerante Dual Power 6,35Kg","12,30 €","1,93 €/kg",https://www.carrefour.es/supermercado/purina-felix-comida-humeda-para-gato-gelatina-pollo-y-pato-400g-felix/R-521013115/p
Mascotas,Snoby Comida para Canarios 500g,"0,65 €","1,30 €/kg",https://www.carrefour.es/supermercado/catisfactions-premios-para-gatos-sabor-pollo-60gr-catisfaction/R-720868262/p
Mascotas,Purina Felix Comida Húmeda para Gato Gelatina Buey e Hígado 400g,"0,74 €","1,90 €/kg",https://www.carrefour.es/supermercado/purina-felix-comida-humeda-para-gato-gelatina-buey-e-higado-400g-felix/R-521013117/p
Mascotas,Carrefour Galletas Rellenas para Perro 500g,"1,30 €","2,60 €/kg",https://www.carrefour.es/supermercado/purina-felix-comida-humeda-para-gato-gelatina-buey-e-higado-400g-felix/R-521013117/p
Mascotas,Pienso de carne para gatos adultos Dream 4 Kg,"3,80 €","0,95 €/kg",https://www.carrefour.es/supermercado/carrefour-galletas-rellenas-para-perro-500g-carrefour/R-530325396/p
Mascotas,Purina Felix Comida Húmeda para Gato Gelatina Surtido Pescados 4x100g,"1,49 €","3,72 €/kg",https://www.carrefour.es/supermercado/carrefour-galletas-rellenas-para-perro-500g-carrefour/R-530325396/p
Mascotas,Sticks snacks para perros Purina Adventuros aroma a búfalo 120 g.,"1,65 €","13,75 €/kg",https://www.carrefour.es/supermercado/pienso-de-carne-para-gatos-adultos-dream-4-kg-dream/R-720863247/p
Mascotas,Ultima Comida Húmeda para Gato Esterilizado Sabor pollo y salmón 4x85gr.,"2,80 €","8,24 €/kg",https://www.carrefour.es/supermercado/pienso-de-carne-para-gatos-adultos-dream-4-kg-dream/R-720863247/p
Mascotas,Dentastix de uso diario para la limpieza dental de perros pequeños Pedigree pack de 28 unidades,"8,00 €","0,29 €/ud",https://www.carrefour.es/supermercado/purina-felix-comida-humeda-para-gato-gelatina-surtido-pescados-4x100g-felix/R-550901887/p
Mascotas,Snacks dental para perros medianos Pedigree Dentastix pack de 28 unidades,"9,45 €","0,36 €/ud",https://www.carrefour.es/supermercado/purina-felix-comida-humeda-para-gato-gelatina-surtido-pescados-4x100g-felix/R-550901887/p
Mascotas,"Purina ONE Bifensis Pienso para Gato Junior Pollo y Cereales 1,5Kg","6,90 €","4,60 €/kg",https://www.carrefour.es/supermercado/sticks-snacks-para-perros-purina-adventuros-aroma-a-bufalo-120-g-purina/R-842200518/p
Mascotas,"Purina ONE Pienso para Gato Adulto Esterilizado Salmón y Trigo 1,5Kg","6,90 €","4,60 €/kg",https://www.carrefour.es/supermercado/sticks-snacks-para-perros-purina-adventuros-aroma-a-bufalo-120-g-purina/R-842200518/p
Mascotas,Purina Felix Snacks para Gato Party Mix Oceano 60g,"1,54 €","25,67 €/kg",https://www.carrefour.es/supermercado/ultima-comida-humeda-para-gato-esterilizado-sabor-pollo-y-salmon-4x85gr-ultima/R-prod73124/p
Mascotas,Catisfactions Premios para Gatos Sabor Buey 60gr,"1,49 €","1,49 €/ud",https://www.carrefour.es/supermercado/ultima-comida-humeda-para-gato-esterilizado-sabor-pollo-y-salmon-4x85gr-ultima/R-prod73124/p
Mascotas,"Pienso de pollo para perro adulto Mini Ultima 1,5 Kg.","5,60 €","3,73 €/kg",https://www.carrefour.es/supermercado/dentastix-de-uso-diario-para-la-limpieza-dental-de-perros-pequenos-pedigree-pack-de-28-unidades-pedigree/R-550701490/p
Mascotas,Purina Gourmet Gold Comida Húmeda para Gato Fondant Surtido 12x85g,"6,80 €","0,57 €/ud",https://www.carrefour.es/supermercado/dentastix-de-uso-diario-para-la-limpieza-dental-de-perros-pequenos-pedigree-pack-de-28-unidades-pedigree/R-550701490/p
Mascotas,Vitakraft Vegetal Clean Papel Lecho Higiénico 10l,"0,29 €","0,71 €/l",https://www.carrefour.es/supermercado/snacks-dental-para-perros-medianos-pedigree-dentastix-pack-de-28-unidades-pedigree/R-530325406/p
Mascotas,"Tarrina para Gato de Pollo 100 gr, Carrefour","1,11 €","2,90 €/kg",https://www.carrefour.es/supermercado/snacks-dental-para-perros-medianos-pedigree-dentastix-pack-de-28-unidades-pedigree/R-530325406/p
Mascotas,Whiskas Premios en Forma de Sticks para Gatos Sabor Salmón 18gr,"6,95 €","1,11 €/ud",https://www.carrefour.es/supermercado/purina-one-bifensis-pienso-para-gato-junior-pollo-y-cereales-1-5kg-one/R-720868282/p
Mascotas,"Pienso de pollo para perros adultos Yorkshire Terrier Ultima 1,5 Kg.","16,95 €","4,63 €/kg",https://www.carrefour.es/supermercado/purina-one-bifensis-pienso-para-gato-junior-pollo-y-cereales-1-5kg-one/R-720868282/p
Mascotas,"Arena Perlas para Gato Vitakraft Gel Silice 7,5 Kg","5,85 €","2,26 €/kg",https://www.carrefour.es/supermercado/promocion?promoId=promof2530143
Mascotas,Purina Felix Comida Húmeda para Gato Fantastic Gelatina Selecciones Favoritas 12x100g,"0,69 €","4,87 €/kg",https://www.carrefour.es/supermercado/purina-one-pienso-para-gato-adulto-esterilizado-salmon-y-trigo-1-5kg-one/R-550901641/p
Mascotas,Purina Gourmet Gold Comida Húmeda para Gato Tartalette Pollo y Zanahoria 85g,"2,01 €","8,12 €/kg",https://www.carrefour.es/supermercado/purina-one-pienso-para-gato-adulto-esterilizado-salmon-y-trigo-1-5kg-one/R-550901641/p
Mascotas,Snack para perros Purina Friskies B-Steaks 150 g.,"0,35 €","13,40 €/kg",https://www.carrefour.es/supermercado/promocion?promoId=promof2530143
Mascotas,"Alimento Húmedo para Gatos de Conejo 100 gr, Carrefour","1,85 €","3,50 €/kg",https://www.carrefour.es/supermercado/purina-felix-snacks-para-gato-party-mix-oceano-60g-felix/R-720860883/p
Mascotas,Carrefour Snacks para Perro de Pollo 8 unidades,"2,45 €","0,31 €/ud",https://www.carrefour.es/supermercado/carrefour-snacks-para-perro-de-pollo-8-unidades-carrefour/R-prod880292/p
Mascotas,Pienso de pollo y verduras para perro adulto Purina Friskies Vitafit Complete 15 Kg.,"23,55 €","1,57 €/kg",https://www.carrefour.es/supermercado/carrefour-snacks-para-perro-de-pollo-8-unidades-carrefour/R-prod880292/p
Mascotas,Pienso de buey para perros adultos Carrefour 20 Kg.,"13,95 €","0,70 €/kg",https://www.carrefour.es/supermercado/pienso-de-pollo-y-verduras-para-perro-adulto-purina-friskies-vitafit-complete-15-kg-friskies/R-790212176/p
Mascotas,"Carrefour Galletas para Perros 1,5Kg","2,95 €","1,97 €/kg",https://www.carrefour.es/supermercado/pienso-de-pollo-y-verduras-para-perro-adulto-purina-friskies-vitafit-complete-15-kg-friskies/R-790212176/p
Mascotas,"Purina ONE Bifensis Pienso para Gatos Esterilizados Pollo y Trigo 1,5Kg","6,90 €","4,60 €/kg",https://www.carrefour.es/supermercado/promocion?promoId=promof2530132
Mascotas,Snoby Comida para Periquitos 500g,"0,65 €","1,30 €/kg",https://www.carrefour.es/supermercado/pienso-de-buey-para-perros-adultos-carrefour-20-kg-carrefour/R-521034225/p
Mascotas,Purina Gourmet Gold Comida Húmeda para Gato Mousse Surtido 8x85g,"4,65 €","6,84 €/kg",https://www.carrefour.es/supermercado/pienso-de-buey-para-perros-adultos-carrefour-20-kg-carrefour/R-521034225/p
Mascotas,Carrefour Comida Húmeda para Perros Cachorros de Pollo y Arroz 400g,"0,64 €","1,60 €/kg",https://www.carrefour.es/supermercado/carrefour-galletas-para-perros-1-5kg-carrefour/R-830826912/p
Mascotas,Carrefour Comida Húmeda para Perro de Pollo 400g,"0,50 €","1,25 €/kg",https://www.carrefour.es/supermercado/carrefour-galletas-para-perros-1-5kg-carrefour/R-830826912/p
Mascotas,Snacks dental para perros grandes Pedigree Daily Oral Care Dentastix pack de 28 unidades,"12,05 €","44,63 €/kg",https://www.carrefour.es/supermercado/purina-one-bifensis-pienso-para-gatos-esterilizados-pollo-y-trigo-1-5kg-one/R-prod90154/p
Mascotas,"Croquetas para Gato Atún y Salmón 4 Kg, Carrefour","4,60 €","1,15 €/kg",https://www.carrefour.es/supermercado/purina-one-bifensis-pienso-para-gatos-esterilizados-pollo-y-trigo-1-5kg-one/R-prod90154/p
Mascotas,Pienso para perro adulto Bon Menú Receta Mediterránea 4 Kg.,"6,00 €","1,50 €/kg",https://www.carrefour.es/supermercado/promocion?promoId=promof2530143
Mascotas,Purina Felix Comida Húmeda para Gato Junior Fantastic Selecciones Favoritas 4x100g,"2,00 €","5,00 €/kg",https://www.carrefour.es/supermercado/snoby-comida-para-periquitos-500g/R-794633440/p
Mascotas,Purina Felix Comida Húmeda para Gato Sensations Gelatinas Selección Surtido de Carnes 12x100g,"6,30 €","5,25 €/kg",https://www.carrefour.es/supermercado/snoby-comida-para-periquitos-500g/R-794633440/p
Mascotas,Catisfactions Premios para Gatos Sabor Mixto de Queso y Salmón 60gr,"1,49 €","24,83 €/kg",https://www.carrefour.es/supermercado/purina-gourmet-gold-comida-humeda-para-gato-mousse-surtido-8x85g-gourmet-gold/R-521007748/p
Mascotas,Ultima Pienso para Gato Bolas de Pelo Sabor Pavo 3kg.,"14,45 €","4,82 €/kg",https://www.carrefour.es/supermercado/purina-gourmet-gold-comida-humeda-para-gato-mousse-surtido-8x85g-gourmet-gold/R-521007748/p
Mascotas,Purina Felix Snacks para Gatos Party Mix Grill 60g,"1,54 €","25,67 €/kg",https://www.carrefour.es/supermercado/carrefour-comida-humeda-para-perros-cachorros-de-pollo-y-arroz-400g-carrefour/R-527030720/p
Mascotas,Alfombra Absorbente para Cachorros 60 x 60,"2,95 €","2,95 €/ud",https://www.carrefour.es/supermercado/carrefour-comida-humeda-para-perros-cachorros-de-pollo-y-arroz-400g-carrefour/R-527030720/p
Mascotas,Pienso de pollo para perro Medium Maxi Ultima 12 kg.,"38,00 €","3,17 €/kg",https://www.carrefour.es/supermercado/carrefour-comida-humeda-para-perro-de-pollo-400g-carrefour/R-818300665/p
Mascotas,Snack para perro Purina Friskies Picnic Variety 126 g.,"2,05 €","0,14 €/ud",https://www.carrefour.es/supermercado/carrefour-comida-humeda-para-perro-de-pollo-400g-carrefour/R-818300665/p
Mascotas,Salchicha de hígado y buey para perro Canibaq 1 Kg.,"1,35 €","1,35 €/kg",https://www.carrefour.es/supermercado/snacks-dental-para-perros-grandes-pedigree-daily-oral-care-dentastix-pack-de-28-unidades-pedigree/R-720861109/p
Mascotas,Purina Felix Comida Húmeda para Gato Sensations Gelatina Selección Surtido de Pescados 12x100g,"5,95 €","4,96 €/kg",https://www.carrefour.es/supermercado/snacks-dental-para-perros-grandes-pedigree-daily-oral-care-dentastix-pack-de-28-unidades-pedigree/R-720861109/p
Mascotas,Salchicha de carnes variadas para perro Canibaq 1 Kg.,"1,35 €","1,35 €/kg",https://www.carrefour.es/supermercado/croquetas-para-gato-atun-y-salmon-4-kg-carrefour-carrefour/R-525878190/p
Mascotas,"Pienso de salmón y arroz para perro adulto Mini Purina One Delicate 1,5 Kg.","5,65 €","3,77 €/kg",https://www.carrefour.es/supermercado/croquetas-para-gato-atun-y-salmon-4-kg-carrefour-carrefour/R-525878190/p
Mascotas,Purina Felix Snacks para Gatos Party Mix Original 60g,"1,54 €","25,67 €/kg",https://www.carrefour.es/supermercado/purina-felix-snacks-para-gatos-party-mix-original-60g-felix/R-720860873/p
Mascotas,Snack de tiras de pato para perro Vitakraft 80 g.,"2,95 €","36,87 €/kg",https://www.carrefour.es/supermercado/purina-felix-snacks-para-gatos-party-mix-original-60g-felix/R-720860873/p
Mascotas,Whiskas Multipack de 12 Bolsitas para Gatos Adultos Selección de Carnes 100gr,"4,95 €","4,12 €/kg",https://www.carrefour.es/supermercado/snack-de-tiras-de-pato-para-perro-vitakraft-80-g-vitakraft/R-832204948/p
Mascotas,Purina Felix Snacks para Gato Crispies Salmón y Trucha 45g,"1,62 €","36,00 €/kg",https://www.carrefour.es/supermercado/snack-de-tiras-de-pato-para-perro-vitakraft-80-g-vitakraft/R-832204948/p
Mascotas,Pienso de buey para perros adultos Brekkies 3 Kg.,"6,60 €","2,20 €/kg",https://www.carrefour.es/supermercado/whiskas-multipack-de-12-bolsitas-para-gatos-adultos-seleccion-de-carnes-100gr-whiskas/R-550901881/p
Mascotas,"Purina Gourmet Mon Petit Comida Húmeda para Gato Pato, Pollo y Pavo 6x50g","2,50 €","8,33 €/kg",https://www.carrefour.es/supermercado/whiskas-multipack-de-12-bolsitas-para-gatos-adultos-seleccion-de-carnes-100gr-whiskas/R-550901881/p
Mascotas,Bolsas higiénicas para perros Vitakraft 20 uds,"0,95 €","0,05 €/ud",https://www.carrefour.es/supermercado/purina-felix-snacks-para-gato-crispies-salmon-y-trucha-45g-felix/R-791585668/p
Mascotas,Hanseaten Heno para Roedores 1Kg,"3,25 €","3,25 €/kg",https://www.carrefour.es/supermercado/purina-felix-snacks-para-gato-crispies-salmon-y-trucha-45g-felix/R-791585668/p
Mascotas,Sheba Multipack de 4 Bolsitas Selezione para Gatos de Carnes en Salsa,"2,45 €","7,21 €/kg",https://www.carrefour.es/supermercado/pienso-de-buey-para-perros-adultos-brekkies-3-kg-brekkies/R-526565706/p
Mascotas,Ultima Nature Gato Wet Multipack Atún y Pescado Blanco 4x85 grs,"3,15 €","9,26 €/kg",https://www.carrefour.es/supermercado/pienso-de-buey-para-perros-adultos-brekkies-3-kg-brekkies/R-526565706/p
Mascotas,Pienso de buey para perro Medium Maxi Ultima 12 kg.,"38,00 €","3,17 €/kg",https://www.carrefour.es/supermercado/purina-gourmet-mon-petit-comida-humeda-para-gato-pato-pollo-y-pavo-6x50g-gourmet-mon-petit/R-777106234/p
Mascotas,"Purina Friskies Pienso para Gato Junior Gato hasta 1 año 1,5Kg","4,35 €","2,90 €/kg",https://www.carrefour.es/supermercado/purina-gourmet-mon-petit-comida-humeda-para-gato-pato-pollo-y-pavo-6x50g-gourmet-mon-petit/R-777106234/p
Mascotas,Tarrina de pollo con vegetales para perros Carrefour Bio 300 g.,"0,95 €","3,17 €/kg",https://www.carrefour.es/supermercado/bolsas-higienicas-para-perros-vitakraft-20-uds-vitakraft/R-851516064/p
Mascotas,Ultima Pienso para Gato Esterilizado Adulto +10 Sabor pollo 3kg.,"14,25 €","4,75 €/kg",https://www.carrefour.es/supermercado/bolsas-higienicas-para-perros-vitakraft-20-uds-vitakraft/R-851516064/p
Mascotas,Ultima Pienso para Gato Adulto control tracto Urinario 3kg.,"14,45 €","4,82 €/kg",https://www.carrefour.es/supermercado/hanseaten-heno-para-roedores-1kg/R-859600462/p
Mascotas,Carrefour Snacks para Perros de Pato 8 uds,"1,25 €","3,12 €/kg",https://www.carrefour.es/supermercado/hanseaten-heno-para-roedores-1kg/R-859600462/p
Mascotas,Pienso de pescado para gatos adultos Dream 4 Kg,"3,80 €","0,95 €/kg",https://www.carrefour.es/supermercado/promocion?promoId=promof2530138
Mascotas,Carrefour Comida Húmeda para Perro de Buey 400g,"0,50 €","1,25 €/kg",https://www.carrefour.es/supermercado/sheba-multipack-de-4-bolsitas-selezione-para-gatos-de-carnes-en-salsa-sheba/R-720862230/p
Mascotas,"Alimento Húmedo para Gatos Pollo 100 gr, Carrefour","0,35 €","3,50 €/kg",https://www.carrefour.es/supermercado/sheba-multipack-de-4-bolsitas-selezione-para-gatos-de-carnes-en-salsa-sheba/R-720862230/p
Mascotas,Catisfactions Premios para Gatos Sabor Mixto de Pollo y Pato 60gr,"1,49 €","24,83 €/kg",https://www.carrefour.es/supermercado/ultima-nature-gato-wet-multipack-atun-y-pescado-blanco-4x85-grs-ultima/R-prod930220/p
Mascotas,Sheba Multipack de 4 Bolsitas Selezione para Gatos de Pescados en Salsa,"2,45 €","7,21 €/ud",https://www.carrefour.es/supermercado/ultima-nature-gato-wet-multipack-atun-y-pescado-blanco-4x85-grs-ultima/R-prod930220/p
Mascotas,"Ultima Pienso para Gato Esterilizado control bolas de pelo Sabor Pavo 1,5kg.","7,85 €","5,23 €/kg",https://www.carrefour.es/supermercado/pienso-de-buey-para-perro-medium-maxi-ultima-12-kg-ultima/R-832204910/p
Mascotas,"Pienso de buey para perro adulto Medium Maxi Ultima Nature 7,5 Kg.","24,95 €","3,33 €/kg",https://www.carrefour.es/supermercado/pienso-de-buey-para-perro-medium-maxi-ultima-12-kg-ultima/R-832204910/p
Mascotas,Purina Gourmet Diamant Comida Húmeda para Gato Delicias en Gelatina Atun 85g,"1,22 €","1,22 €/ud",https://www.carrefour.es/supermercado/promocion?promoId=promof2530130
Mascotas,Ultima Nature Gato Wet Multipack Pouch Pollo y Aves 4 x 85 grs,"3,35 €","9,85 €/kg",https://www.carrefour.es/supermercado/ultima-nature-gato-wet-multipack-pouch-pollo-y-aves-4-x-85-grs-ultima/R-prod930221/p
Mascotas,Ultima Pienso para Gato Adulto Sabor salmón y arroz 3kg.,"14,45 €","4,82 €/kg",https://www.carrefour.es/supermercado/ultima-nature-gato-wet-multipack-pouch-pollo-y-aves-4-x-85-grs-ultima/R-prod930221/p
Mascotas,Carrefour Barritas para Periquitos con Frutas 2x30g,"1,03 €","1,03 €/ud",https://www.carrefour.es/supermercado/ultima-pienso-para-gato-adulto-sabor-salmon-y-arroz-3kg-ultima/R-780051583/p
Mascotas,Whiskas Multipack de 4 Bolsitas para Gatos Junior Selección de Carnes 100gr,"1,86 €","4,65 €/kg",https://www.carrefour.es/supermercado/ultima-pienso-para-gato-adulto-sabor-salmon-y-arroz-3kg-ultima/R-780051583/p
Mascotas,Ultima Nature Gato Wet Multipack Puoch Salmón y Trucha 4x85 grs,"3,05 €","8,97 €/kg",https://www.carrefour.es/supermercado/promocion?promoId=promof2530153
Mascotas,Brekkies Pienso para Gato Delicious aves 3 Kg,"8,45 €","2,82 €/kg",https://www.carrefour.es/supermercado/carrefour-barritas-para-periquitos-con-frutas-2x30g-carrefour/R-555401607/p
Mascotas,"Ultima Pienso para Gato Adulto Esterilizado Sabor salmón 1,5kg.","7,85 €","5,23 €/kg",https://www.carrefour.es/supermercado/carrefour-barritas-para-periquitos-con-frutas-2x30g-carrefour/R-555401607/p
Mascotas,"Purina ONE Pienso para Gato Pelaje y Bolas de Pelo 1,5Kg","6,90 €","4,60 €/kg",https://www.carrefour.es/supermercado/promocion?promoId=promof2530135
Mascotas,Purina Gourmet Perle Comida Húmeda para Gato Delicias en Salsa Surtido 8x85g,"5,45 €","8,01 €/ud",https://www.carrefour.es/supermercado/whiskas-multipack-de-4-bolsitas-para-gatos-junior-seleccion-de-carnes-100gr-whiskas/R-829041925/p
Mascotas,Purina Gourmet Gold Comida Húmeda para Gato Mousse Pollo 85g,"0,69 €","8,12 €/kg",https://www.carrefour.es/supermercado/whiskas-multipack-de-4-bolsitas-para-gatos-junior-seleccion-de-carnes-100gr-whiskas/R-829041925/p
Mascotas,Pienso de pollo para perro Senior Mini Ultima 3 Kg.,"13,95 €","4,65 €/kg",https://www.carrefour.es/supermercado/ultima-nature-gato-wet-multipack-puoch-salmon-y-trucha-4x85-grs-ultima/R-prod930215/p
Mascotas,Latita Vitakraft Poésie Mousse de Salmón 85 gr,"0,59 €","6,94 €/kg",https://www.carrefour.es/supermercado/ultima-nature-gato-wet-multipack-puoch-salmon-y-trucha-4x85-grs-ultima/R-prod930215/p
Mascotas,Pienso de buey para perro Maxi Purina Friskies Vitafit Active 15 Kg.,"23,55 €","1,57 €/kg",https://www.carrefour.es/supermercado/brekkies-pienso-para-gato-delicious-aves-3-kg-brekkies/R-prod290489/p
Mascotas,Purina Gourmet Perle Comida Húmeda para Gato Delicias del Oceano 4x85g,"2,90 €","8,53 €/kg",https://www.carrefour.es/supermercado/brekkies-pienso-para-gato-delicious-aves-3-kg-brekkies/R-prod290489/p
Mascotas,Whiskas Premios en Forma de Sticks para Gatos Sabor Pollo 18gr,"1,11 €","1,11 €/ud",https://www.carrefour.es/supermercado/promocion?promoId=promof2530137
Mascotas,"Pienso de pollo para perros adultos Medium Maxi Ultima 7,5 Kg.","24,95 €","3,33 €/kg",https://www.carrefour.es/supermercado/ultima-pienso-para-gato-adulto-esterilizado-sabor-salmon-1-5kg-ultima/R-618801643/p
Mascotas,Pienso de pollo y arroz para perro adulto Ultima 3 Kg.,"11,00 €","3,67 €/kg",https://www.carrefour.es/supermercado/ultima-pienso-para-gato-adulto-esterilizado-sabor-salmon-1-5kg-ultima/R-618801643/p
Mascotas,Brekkies Pienso para Gato Delicious selección de aves y verdura 750 gr,"1,84 €","2,45 €/kg",https://www.carrefour.es/supermercado/purina-one-pienso-para-gato-pelaje-y-bolas-de-pelo-1-5kg-one/R-789471460/p
Mascotas,Purina Gourmet Gold Comida Húmeda para Gato Mousse Pescado del Océano 85g,"0,69 €","8,12 €/kg",https://www.carrefour.es/supermercado/purina-one-pienso-para-gato-pelaje-y-bolas-de-pelo-1-5kg-one/R-789471460/p
Mascotas,Snack para perros Purina Friskies shapes 800 g.,"3,15 €","3,94 €/kg",https://www.carrefour.es/supermercado/promocion?promoId=promof2530143
Mascotas,Carrefour Comida para Conejos 3Kg,"6,95 €","2,32 €/kg",https://www.carrefour.es/supermercado/purina-gourmet-perle-comida-humeda-para-gato-delicias-en-salsa-surtido-8x85g-gourmet-perle/R-720860613/p
Mascotas,Purina Gourmet Gold Comida Húmeda para Gato Tartalette Buey y Tomate 85g,"0,69 €","8,12 €/kg",https://www.carrefour.es/supermercado/purina-gourmet-perle-comida-humeda-para-gato-delicias-en-salsa-surtido-8x85g-gourmet-perle/R-720860613/p
Mascotas,"Magic Clean Vitakraft 8,4L (3,7 Kg)","10,50 €","2,84 €/kg",https://www.carrefour.es/supermercado/purina-gourmet-gold-comida-humeda-para-gato-mousse-pollo-85g-gourmet-gold/R-550901823/p
Mascotas,"Ultima Pienso para Gato Junior Sabor Pollo 1,5kg.","7,40 €","4,93 €/kg",https://www.carrefour.es/supermercado/purina-gourmet-gold-comida-humeda-para-gato-mousse-pollo-85g-gourmet-gold/R-550901823/p
Mascotas,Ultima Comida Húmeda para Gato Adulto Tracto Urinario Sabor pollo 4x85gr.,"2,59 €","7,62 €/kg",https://www.carrefour.es/supermercado/ultima-comida-humeda-para-gato-adulto-tracto-urinario-sabor-pollo-4x85gr-ultima/R-prod73140/p
Mascotas,Vitakraft Vegetal Clean Corn Lecho Higiénico 8l,"1,98 €","0,89 €/l",https://www.carrefour.es/supermercado/ultima-comida-humeda-para-gato-adulto-tracto-urinario-sabor-pollo-4x85gr-ultima/R-prod73140/p
Mascotas,Snack de carne y queso Pedigree Tasty Bites Cheesy 140 g.,"14,45 €","14,14 €/kg",https://www.carrefour.es/supermercado/vitakraft-vegetal-clean-corn-lecho-higienico-8l-vitakraft/R-553703720/p
Mascotas,Ultima Pienso para Gato Adulto Sabor pollo y arroz 3kg.,"2,30 €","4,82 €/kg",https://www.carrefour.es/supermercado/vitakraft-vegetal-clean-corn-lecho-higienico-8l-vitakraft/R-553703720/p
Mascotas,Comida húmeda de pollo para perros adultos Pedigree 800 g.,"0,55 €","2,87 €/kg",https://www.carrefour.es/supermercado/promocion?promoId=promof2530139
Mascotas,Carrefour Comida Húmeda para Perros Junior de Pollo 300g,"1,03 €","1,83 €/kg",https://www.carrefour.es/supermercado/snack-de-carne-y-queso-pedigree-tasty-bites-cheesy-140-g-pedigree/R-804269714/p
Mascotas,Carrefour Barritas para Canarios de Miel 2x60g,"1,95 €","1,03 €/ud",https://www.carrefour.es/supermercado/snack-de-carne-y-queso-pedigree-tasty-bites-cheesy-140-g-pedigree/R-804269714/p
Mascotas,Braky Pilots Pollo y Malta 110 grs,"3,85 €","17,73 €/kg",https://www.carrefour.es/supermercado/ultima-pienso-para-gato-adulto-sabor-pollo-y-arroz-3kg-ultima/R-550901847/p
Mascotas,Tarrinas para perro Senior Cesar multipack de 4 unidades de 150 g.,"6,80 €","6,42 €/kg",https://www.carrefour.es/supermercado/ultima-pienso-para-gato-adulto-sabor-pollo-y-arroz-3kg-ultima/R-550901847/p
Mascotas,Purina Gourmet Gold Comida Húmeda para Gato Mousse Pescado del Oceano 12x85g,"1,35 €","6,67 €/kg",https://www.carrefour.es/supermercado/promocion?promoId=promof2530153
Mascotas,Carrefour Barritas para Conejos con Frutas 2x55g,"0,85 €","1,35 €/ud",https://www.carrefour.es/supermercado/comida-humeda-de-pollo-para-perros-adultos-pedigree-800-g-pedigree/R-521007888/p
Mascotas,Snoby Comida para Loros y Cotorras 500g,"4,85 €","1,70 €/kg",https://www.carrefour.es/supermercado/comida-humeda-de-pollo-para-perros-adultos-pedigree-800-g-pedigree/R-521007888/p
Mascotas,Whiskas Multipack de 12 Bolsitas para Gatos Adultos Selección de Pescados 100gr,"2,10 €","4,04 €/kg",https://www.carrefour.es/supermercado/carrefour-comida-humeda-para-perros-junior-de-pollo-300g-carrefour/R-550701500/p
Mascotas,Comida húmeda de pavo para perro Beyond Grain Free 400 g.,"0,52 €","5,25 €/kg",https://www.carrefour.es/supermercado/carrefour-comida-humeda-para-perros-junior-de-pollo-300g-carrefour/R-550701500/p
Mascotas,Lata Pate con Salmón para Gatos 400 gr,"1,02 €","1,30 €/kg",https://www.carrefour.es/supermercado/carrefour-barritas-para-canarios-de-miel-2x60g-carrefour/R-555401605/p
Mascotas,Stick para Gato Vitakraft Mini Pollo con Hierba Gatera 18 gr,"6,90 €","56,67 €/kg",https://www.carrefour.es/supermercado/carrefour-barritas-para-canarios-de-miel-2x60g-carrefour/R-555401605/p
Mascotas,"Purina ONE Bifensis Pienso para Gato Digestión Sensible Salmón y Cereales 1,5Kg","6,90 €","4,60 €/kg",https://www.carrefour.es/supermercado/promocion?promoId=promof2530135
Mascotas,"Purina ONE Bifensis Pienso para Gato de Interior Pavo y Cereales 1,5Kg","0,95 €","4,60 €/kg",https://www.carrefour.es/supermercado/braky-pilots-pollo-y-malta-110-grs-braky/R-prod880251/p
Mascotas,Carrefour Snacks para Gatos de Pescado 50g,"4,50 €","19,00 €/kg",https://www.carrefour.es/supermercado/braky-pilots-pollo-y-malta-110-grs-braky/R-prod880251/p
Mascotas,"Aromatizante de Pino para Arena de Gato 750 gr, Carrefour","8,45 €","6,00 €/kg",https://www.carrefour.es/supermercado/tarrinas-para-perro-senior-cesar-multipack-de-4-unidades-de-150-g-cesar/R-720860469/p
Mascotas,"Ultima Nature No Grain Gatos Esterilizados Adultos Buey 1,10 kg","6,95 €","7,68 €/kg",https://www.carrefour.es/supermercado/tarrinas-para-perro-senior-cesar-multipack-de-4-unidades-de-150-g-cesar/R-720860469/p
Mascotas,Pienso para perros Medium Maxi Tenderissimo Brekkies 3 Kg.,"1,49 €","2,32 €/kg",https://www.carrefour.es/supermercado/purina-gourmet-gold-comida-humeda-para-gato-mousse-pescado-del-oceano-12x85g-gourmet-gold/R-720861427/p
Mascotas,Purina Felix Comida Húmeda para Gato Gelatina Surtido Carnes 4x100g,"2,45 €","3,72 €/kg",https://www.carrefour.es/supermercado/purina-gourmet-gold-comida-humeda-para-gato-mousse-pescado-del-oceano-12x85g-gourmet-gold/R-720861427/p
Mascotas,Comida húmeda de buey para perro Purina Beyond Grain 400 g.,"2,25 €","5,62 €/kg",https://www.carrefour.es/supermercado/comida-humeda-de-buey-para-perro-purina-beyond-grain-400-g-beyond/R-prod970578/p
Mascotas,Heno Arómatico 500 gr,"2,95 €","5,90 €/kg",https://www.carrefour.es/supermercado/comida-humeda-de-buey-para-perro-purina-beyond-grain-400-g-beyond/R-prod970578/p
Mascotas,Hierba para Gato Vitakraft,"2,70 €","2,70 €/ud",https://www.carrefour.es/supermercado/HuchaPromocion?promoId=huchaDisc420150
Mascotas,Arena Absorbente Attractive Cats 6.36 Kg,"14,20 €","2,23 €/kg",https://www.carrefour.es/supermercado/heno-aromatico-500-gr-vitakraft/R-528413412/p
Mascotas,Snack de queso y buey para perro Pedigree Tasty Bites Cheesy 140 g.,"2,95 €","36,87 €/kg",https://www.carrefour.es/supermercado/heno-aromatico-500-gr-vitakraft/R-528413412/p
Mascotas,Snack de Huesos de cordero 100% naturales para perros Vitakraft 80 g.,"2,95 €","36,87 €/kg",https://www.carrefour.es/supermercado/promocion?promoId=promof2530138
Mascotas,Latita Vitakraft Poésie de Salsa con Pollo y Verduras 85 gr,"0,59 €","6,94 €/kg",https://www.carrefour.es/supermercado/hierba-para-gato-vitakraft-vitakraft/R-553301975/p
Mascotas,Lata Pate con Pollo para Gatos 400 gr,"0,52 €","1,30 €/kg",https://www.carrefour.es/supermercado/hierba-para-gato-vitakraft-vitakraft/R-553301975/p
Mascotas,Heno ortiga/Caléndula Cocini 500g,"3,95 €","3,95 €/ud",https://www.carrefour.es/supermercado/arena-absorbente-attractive-cats-636-kg-affinity/R-720868164/p
Mascotas,Whiskas Multipack de 12 Bolsitas para Gatos Adultos Casserole Mixto,"5,45 €","0,45 €/ud",https://www.carrefour.es/supermercado/arena-absorbente-attractive-cats-636-kg-affinity/R-720868164/p
Mascotas,"Pienso de pollo y arroz para perro adulto Medium Maxi Ultima 7,5 Kg.","27,05 €","3,61 €/kg",https://www.carrefour.es/supermercado/snack-de-queso-y-buey-para-perro-pedigree-tasty-bites-cheesy-140-g-vitakraft/R-832204944/p
Mascotas,"Pienso de pavo y arroz para perro adulto Mini Purina One Weigth 1,5 Kg.","5,65 €","3,77 €/kg",https://www.carrefour.es/supermercado/snack-de-queso-y-buey-para-perro-pedigree-tasty-bites-cheesy-140-g-vitakraft/R-832204944/p
Mascotas,Purina Felix Comida Húmeda para Gato Fantastic Festín Gelatina Selección Surtido de Carnes 12x100g,"5,85 €","4,87 €/kg",https://www.carrefour.es/supermercado/snack-de-huesos-de-cordero-100-naturales-para-perros-vitakraft-80-g-vitakraft/R-832204950/p
Mascotas,Carrefour Comida para Periquitos y Loros 1Kg,"4,10 €","2,50 €/kg",https://www.carrefour.es/supermercado/snack-de-huesos-de-cordero-100-naturales-para-perros-vitakraft-80-g-vitakraft/R-832204950/p
Mascotas,Ultima Pìenso para Gato Esterilizado Sabor pollo 800gr.,"2,50 €","5,12 €/kg",https://www.carrefour.es/supermercado/latita-vitakraft-poesie-de-salsa-con-pollo-y-verduras-85-gr-vitakraft/R-842010595/p
Mascotas,Purina Gourmet Mon Petit Comida Húmeda para Gato Carnes 6x50g,"1,60 €","8,33 €/kg",https://www.carrefour.es/supermercado/latita-vitakraft-poesie-de-salsa-con-pollo-y-verduras-85-gr-vitakraft/R-842010595/p
Mascotas,Carrefour Comida Húmedo Pollo y Salmón 4x85 gr,"1,82 €","4,71 €/kg",https://www.carrefour.es/supermercado/lata-pate-con-pollo-para-gatos-400-gr-carrefour/R-550901747/p
Mascotas,Tarrina de cordero y pollo para perros Pedigree 300 g.,"1,55 €","6,07 €/kg",https://www.carrefour.es/supermercado/lata-pate-con-pollo-para-gatos-400-gr-carrefour/R-550901747/p
Mascotas,Catisfactions Premios para Gatos Sabor Pato 60gr,"2,95 €","25,83 €/kg",https://www.carrefour.es/supermercado/heno-ortiga-calendula-cocini-500g/R-VC4AECOMM-501664/p
Mascotas,Snack de tiras de ternera 100% naturales Vitakraft 80 g.,"2,25 €","36,87 €/kg",https://www.carrefour.es/supermercado/heno-ortiga-calendula-cocini-500g/R-VC4AECOMM-501664/p
Mascotas,Snacks dental para perros pequeños Pedigree Dentastix pack de 7 unidades,"1,85 €","20,45 €/kg",https://www.carrefour.es/supermercado/promocion?promoId=promof2530138
Mascotas,Snacks dental para perro mediano Purina Dentalife 115 g. 5 unidades,"11,85 €","16,09 €/kg",https://www.carrefour.es/supermercado/whiskas-multipack-de-12-bolsitas-para-gatos-adultos-casserole-mixto-whiskas/R-fprod1190688/p
Mascotas,Pienso Light de pollo y arroz para perros adultos Medium Maxi Ultima 3 Kg.,"9,95 €","3,95 €/kg",https://www.carrefour.es/supermercado/whiskas-multipack-de-12-bolsitas-para-gatos-adultos-casserole-mixto-whiskas/R-fprod1190688/p
Mascotas,Purina Gourmet Gold Comida Húmeda para Gato Tarrine Surtido 8x85g,"4,65 €","6,84 €/kg",https://www.carrefour.es/supermercado/purina-gourmet-gold-comida-humeda-para-gato-tarrine-surtido-8x85g-gourmet-gold/R-720868292/p
Mascotas,Pienso de pollo y arroz para perros cachorros Dream 4 Kg.,"3,45 €","0,86 €/kg",https://www.carrefour.es/supermercado/purina-gourmet-gold-comida-humeda-para-gato-tarrine-surtido-8x85g-gourmet-gold/R-720868292/p
Mascotas,"Lata Pate de conejo para Gato 400 gr, Carrefour","0,45 €","1,12 €/kg",https://www.carrefour.es/supermercado/pienso-de-pollo-y-arroz-para-perros-cachorros-dream-4-kg-dream/R-prod180019/p
Mascotas,Latita Vitakraft Poésie Mousse de Ternera 85 gr,"0,59 €","6,94 €/kg",https://www.carrefour.es/supermercado/pienso-de-pollo-y-arroz-para-perros-cachorros-dream-4-kg-dream/R-prod180019/p
Mascotas,"Pienso de buey, cereales y verduras para perro adulto Purina Friskies 15 Kg.","22,95 €","1,53 €/kg",https://www.carrefour.es/supermercado/lata-pate-de-conejo-para-gato-400-gr-carrefour-carrefour/R-818300669/p
Mascotas,Pienso de pollo para perro golden & labrador Ultima Retriever 14 Kg.,"2,40 €","2,71 €/kg",https://www.carrefour.es/supermercado/lata-pate-de-conejo-para-gato-400-gr-carrefour-carrefour/R-818300669/p
Mascotas,Comida húmeda de pollo para perro Purina Beyond Grain 400 g.,"1,95 €","6,00 €/kg",https://www.carrefour.es/supermercado/latita-vitakraft-poesie-mousse-de-ternera-85-gr-vitakraft/R-832204932/p
Mascotas,Carrefour Comida para Conejos 800g,"1,95 €","2,44 €/kg",https://www.carrefour.es/supermercado/latita-vitakraft-poesie-mousse-de-ternera-85-gr-vitakraft/R-832204932/p
Mascotas,Toallitas higiénicas para gatos 20 pcs,"3,35 €","0,10 €/ud",https://www.carrefour.es/supermercado/pienso-de-buey-cereales-y-verduras-para-perro-adulto-purina-friskies-15-kg-friskies/R-720860877/p
Mascotas,Catisfactions Premios para Gatos Sabor Pollo en Maxi Pack 180gr,"2,85 €","18,61 €/kg",https://www.carrefour.es/supermercado/pienso-de-buey-cereales-y-verduras-para-perro-adulto-purina-friskies-15-kg-friskies/R-720860877/p
Mascotas,Whiskas Pienso para Gatos Junior Sabor Pollo 800gr,"3,05 €","3,56 €/kg",https://www.carrefour.es/supermercado/pienso-de-pollo-para-perro-golden-labrador-ultima-retriever-14-kg-ultima/R-836133998/p
Mascotas,Ultima Nature Gato Wet Multipack Buey y Pavo 4 x 85 grs,"4,65 €","8,97 €/kg",https://www.carrefour.es/supermercado/pienso-de-pollo-para-perro-golden-labrador-ultima-retriever-14-kg-ultima/R-836133998/p
Mascotas,Purina Gourmet Gold Comida Húmeda para Gato Doble Placer Surtido 8x85g,"4,00 €","6,84 €/kg",https://www.carrefour.es/supermercado/promocion?promoId=promof2530130
Mascotas,Pienso de aves para perros adultos Mini Frolic 1 Kg.,"5,30 €","4,00 €/kg",https://www.carrefour.es/supermercado/comida-humeda-de-pollo-para-perro-purina-beyond-grain-400-g-beyond/R-prod970577/p
Mascotas,Whiskas Multipack de 12 Bolsitas para Gatos Adultos Casserole de Clásicos,"2,05 €","0,44 €/ud",https://www.carrefour.es/supermercado/comida-humeda-de-pollo-para-perro-purina-beyond-grain-400-g-beyond/R-prod970577/p
Mascotas,Snack tiras de buey para perro Pedigree Rodeo 122 g.,"7,10 €","16,80 €/kg",https://www.carrefour.es/supermercado/HuchaPromocion?promoId=huchaDisc420150
Mascotas,"Pienso de salmón para perro adulto Mini Ultima Sensitive 1,5 g.","6,85 €","4,73 €/kg",https://www.carrefour.es/supermercado/carrefour-comida-para-conejos-800g-carrefour/R-555401587/p
Mascotas,Purina Gourmet Gold Comida Húmeda para Gato Bocaditos en Salsa 12x85g,"6,85 €","6,72 €/kg",https://www.carrefour.es/supermercado/carrefour-comida-para-conejos-800g-carrefour/R-555401587/p
Mascotas,Purina Gourmet Gold Comida Húmeda para Gato Tartalette Surtido 12x85g,"5,20 €","6,72 €/kg",https://www.carrefour.es/supermercado/toallitas-higienicas-para-gatos-20-pcs/R-VC4AECOMM-496667/p
Mascotas,Carrefour Comida para Periquitos 1Kg,"0,59 €","2,50 €/kg",https://www.carrefour.es/supermercado/toallitas-higienicas-para-gatos-20-pcs/R-VC4AECOMM-496667/p
Mascotas,Pasta de Malta para Gato Vitakraft con Queso 100 gr,"1,85 €","52,00 €/kg",https://www.carrefour.es/supermercado/catisfactions-premios-para-gatos-sabor-pollo-en-maxi-pack-180gr-catisfaction/R-829041945/p
Mascotas,"Latita Vitakraft Poésie Gelatina con Carne de Caza, Arándanos y Hierbas 85 gr","4,75 €","6,94 €/kg",https://www.carrefour.es/supermercado/catisfactions-premios-para-gatos-sabor-pollo-en-maxi-pack-180gr-catisfaction/R-829041945/p
Mascotas,Carrefour Snacks Galletas Rellenas para Perro 900g,"1,95 €","2,17 €/kg",https://www.carrefour.es/supermercado/carrefour-snacks-galletas-rellenas-para-perro-900g-carrefour/R-720860515/p
Mascotas,"Carrefour Pienso para Perros de Razas Pequeñas 1,5Kg","3,95 €","2,63 €/kg",https://www.carrefour.es/supermercado/carrefour-snacks-galletas-rellenas-para-perro-900g-carrefour/R-720860515/p
Mascotas,Purina Gourmet Gold Comida Húmeda para Gato Tarrine Salmón 85g,"0,69 €","8,12 €/kg",https://www.carrefour.es/supermercado/carrefour-pienso-para-perros-de-razas-pequenas-1-5kg-carrefour/R-555401611/p
Mascotas,Snack de filetes de pollo con barbacoa 100% naturales para perros Vitakraft 80g,"2,95 €","36,87 €/kg",https://www.carrefour.es/supermercado/carrefour-pienso-para-perros-de-razas-pequenas-1-5kg-carrefour/R-555401611/p
Mascotas,Sheba Multipack de 4 Bolsitas delicatezze para Gatos de Selección de Aves en Gelatina,"2,45 €","7,21 €/kg",https://www.carrefour.es/supermercado/purina-gourmet-gold-comida-humeda-para-gato-tarrine-salmon-85g-gourmet-gold/R-521013150/p
Mascotas,Whiskas Anti-Hairball para Bolas de Pelo de Uso Diario para Gatos 60gr,"2,10 €","35,00 €/kg",https://www.carrefour.es/supermercado/purina-gourmet-gold-comida-humeda-para-gato-tarrine-salmon-85g-gourmet-gold/R-521013150/p
Mascotas,Purina Felix Snacks para Gatos Party Mix Cheezy 60g,"1,49 €","24,83 €/kg",https://www.carrefour.es/supermercado/snack-de-filetes-de-pollo-con-barbacoa-100-naturales-para-perros-vitakraft-80g/R-prod880178/p
Mascotas,Comida húmeda de buey e hígado para perros Pedigree 300 g.,"1,82 €","6,07 €/kg",https://www.carrefour.es/supermercado/snack-de-filetes-de-pollo-con-barbacoa-100-naturales-para-perros-vitakraft-80g/R-prod880178/p
Mascotas,Carrefour Comida para Roedores Snoby 500g,"0,79 €","1,58 €/kg",https://www.carrefour.es/supermercado/sheba-multipack-de-4-bolsitas-delicatezze-para-gatos-de-seleccion-de-aves-en-gelatina-sheba/R-720862214/p
Mascotas,"Pienso de buey y arroz para perro adulto Mini Purina One 1,5 Kg.","5,55 €","3,70 €/kg",https://www.carrefour.es/supermercado/sheba-multipack-de-4-bolsitas-delicatezze-para-gatos-de-seleccion-de-aves-en-gelatina-sheba/R-720862214/p
Mascotas,Pienso para perro adulto Receta Mediterránea Bon Menú 15 Kg.,"21,50 €","1,43 €/ud",https://www.carrefour.es/supermercado/whiskas-anti-hairball-para-bolas-de-pelo-de-uso-diario-para-gatos-60gr-whiskas/R-553302083/p
Mascotas,Purina Gourmet Gold Comida Húmeda para Gato Mousse Buey 85g,"0,69 €","8,12 €/kg",https://www.carrefour.es/supermercado/whiskas-anti-hairball-para-bolas-de-pelo-de-uso-diario-para-gatos-60gr-whiskas/R-553302083/p
Mascotas,Purina Gourmet Gold Comida Húmeda para Gato Fondant Atun 85g,"0,69 €","8,12 €/kg",https://www.carrefour.es/supermercado/purina-felix-snacks-para-gatos-party-mix-cheezy-60g-felix/R-775006158/p
Mascotas,Brekkies Pienso para Gato Delicious pescados 3 Kg,"8,45 €","2,82 €/kg",https://www.carrefour.es/supermercado/purina-felix-snacks-para-gatos-party-mix-cheezy-60g-felix/R-775006158/p
Mascotas,Braky Delicias Mix Alimento Complementario para Perros 200g,"3,50 €","17,50 €/kg",https://www.carrefour.es/supermercado/comida-humeda-de-buey-e-higado-para-perros-pedigree-300-g-pedigree/R-521007872/p
Mascotas,Bolsitas de carnes mixtas selección en salsa para perro Cesar multipack de 4 unidades de 100 g.,"2,49 €","6,23 €/kg",https://www.carrefour.es/supermercado/comida-humeda-de-buey-e-higado-para-perros-pedigree-300-g-pedigree/R-521007872/p
Mascotas,Purina Friskies Pienso para Gato Control Bolas de Pelo Gato de Interior Pollo y Verduras 3Kg,"7,90 €","2,63 €/kg",https://www.carrefour.es/supermercado/carrefour-comida-para-roedores-snoby-500g-carrefour/R-794633446/p
Mascotas,Brekkies Pienso para Gato Delicious selección de pescados y verdura 750 gr,"1,84 €","2,45 €/kg",https://www.carrefour.es/supermercado/carrefour-comida-para-roedores-snoby-500g-carrefour/R-794633446/p
Mascotas,Comida húmeda para perros Mini adultos Ultima Sublime 4 unidades de 150 g.,"4,70 €","7,83 €/kg",https://www.carrefour.es/supermercado/pienso-de-buey-y-arroz-para-perro-adulto-mini-purina-one-1-5-kg-one-mini/R-720860603/p
Mascotas,Snacks de pollo para perro Quérico 5 unidades,"2,95 €","0,59 €/ud",https://www.carrefour.es/supermercado/pienso-de-buey-y-arroz-para-perro-adulto-mini-purina-one-1-5-kg-one-mini/R-720860603/p
Mascotas,Latita Vitakraft Poésie de Salsa con Pescado con Pasta y Tomate 85 gr,"0,59 €","6,94 €/kg",https://www.carrefour.es/supermercado/pienso-para-perro-adulto-receta-mediterranea-bon-menu-15-kg-bon-menu/R-720862086/p
Mascotas,Tarrina de Paté y gelatina para perro Recetas de la Huerta Selección Cesar 150 g.,"1,15 €","7,67 €/kg",https://www.carrefour.es/supermercado/pienso-para-perro-adulto-receta-mediterranea-bon-menu-15-kg-bon-menu/R-720862086/p
Mascotas,Pienso para perro adulto Bon Menú receta mediterránea 10 Kg.,"14,50 €","1,45 €/kg",https://www.carrefour.es/supermercado/purina-gourmet-gold-comida-humeda-para-gato-mousse-buey-85g-gourmet-gold/R-521007771/p
Mascotas,Purina Gourmet Gold Comida Húmeda para Gato Tarrine Pollo 85g,"0,69 €","8,12 €/kg",https://www.carrefour.es/supermercado/purina-gourmet-gold-comida-humeda-para-gato-mousse-buey-85g-gourmet-gold/R-521007771/p
Mascotas,Purina Gourmet Crystal Soup Comida para Gato Pollo Natural y Verduras 4x40g,"3,15 €","19,69 €/kg",https://www.carrefour.es/supermercado/purina-gourmet-crystal-soup-comida-para-gato-pollo-natural-y-verduras-4x40g-gourmet-crystal/R-prod230434/p
Mascotas,Toallitas higiénicas perro 40 pcs,"3,95 €","0,10 €/ud",https://www.carrefour.es/supermercado/purina-gourmet-crystal-soup-comida-para-gato-pollo-natural-y-verduras-4x40g-gourmet-crystal/R-prod230434/p
Mascotas,Pienso de pollo y cereales para perros adultos Dream 10 Kg.,"6,30 €","0,63 €/kg",https://www.carrefour.es/supermercado/toallitas-higienicas-perro-40-pcs/R-VC4AECOMM-496666/p
Mascotas,Ultima Nature Comida Húmeda para Gato Multipack Variedades de Carne 12x85 grs,"8,75 €","8,58 €/kg",https://www.carrefour.es/supermercado/toallitas-higienicas-perro-40-pcs/R-VC4AECOMM-496666/p
Mascotas,Pienso para perro adulto Receta Tradicional Bon Menú 15 Kg.,"21,50 €","1,43 €/ud",https://www.carrefour.es/supermercado/pienso-de-pollo-y-cereales-para-perros-adultos-dream-10-kg-dream/R-720861153/p
Mascotas,Bolsitas de comida húmeda para perro adultos Purina Friskies Vitafit de carnes en gelatina multipack de 12 unidades de 100 g.,"4,75 €","3,96 €/kg",https://www.carrefour.es/supermercado/pienso-de-pollo-y-cereales-para-perros-adultos-dream-10-kg-dream/R-720861153/p
Mascotas,Purina Gourmet Crystal Soup Comida para Gato Atun Natural y Gambas 4x40g,"3,15 €","19,69 €/kg",https://www.carrefour.es/supermercado/ultima-nature-comida-humeda-para-gato-multipack-variedades-de-carne-12x85-grs/R-VC4AECOMM-356078/p
Mascotas,Carrefour Snacks para Perro de Pollo 6 uds,"1,95 €","1,95 €/ud",https://www.carrefour.es/supermercado/ultima-nature-comida-humeda-para-gato-multipack-variedades-de-carne-12x85-grs/R-VC4AECOMM-356078/p
Mascotas,Bolsita para perros Frolic Tasty Bites 180 g.,"1,63 €","9,06 €/kg",https://www.carrefour.es/supermercado/promocion?promoId=promof2530147
Mascotas,Bolsita para perros Frolic chew bones 170 g.,"1,63 €","1,63 €/ud",https://www.carrefour.es/supermercado/pienso-para-perro-adulto-receta-tradicional-bon-menu-15-kg-bon-menu/R-720862106/p
Mascotas,Carrefour Comida para Hamsters 800g,"1,65 €","2,06 €/kg",https://www.carrefour.es/supermercado/pienso-para-perro-adulto-receta-tradicional-bon-menu-15-kg-bon-menu/R-720862106/p
Mascotas,Carrefour Barritas para Periquitos y Loros con Frutas y Nueces 2x70g,"1,85 €","1,85 €/ud",https://www.carrefour.es/supermercado/bolsitas-de-comida-humeda-para-perro-adultos-purina-friskies-vitafit-de-carnes-en-gelatina-multipack-de-12-unidades-de-100-g/R-VC4AECOMM-488353/p
Mascotas,Whiskas Multipack de 12 Bolsitas para Gatos Adultos de Selección de Aves 100gr,"4,85 €","4,04 €/kg",https://www.carrefour.es/supermercado/bolsitas-de-comida-humeda-para-perro-adultos-purina-friskies-vitafit-de-carnes-en-gelatina-multipack-de-12-unidades-de-100-g/R-VC4AECOMM-488353/p
Mascotas,"Pienso de pollo para perros cachorro Mini Ultima 1,5 Kg","7,15 €","4,77 €/kg",https://www.carrefour.es/supermercado/purina-gourmet-crystal-soup-comida-para-gato-atun-natural-y-gambas-4x40g-gourmet-crystal/R-prod230433/p
Mascotas,"Ultima Nature Pienso para Gato Adulto Esterilizado Sabor salmón 1,25kg.","8,95 €","7,16 €/kg",https://www.carrefour.es/supermercado/purina-gourmet-crystal-soup-comida-para-gato-atun-natural-y-gambas-4x40g-gourmet-crystal/R-prod230433/p
Mascotas,Selección de Pescados Pack Surtido Sobres 6x50g,"2,50 €","8,33 €/kg",https://www.carrefour.es/supermercado/carrefour-snacks-para-perro-de-pollo-6-uds-carrefour/R-prod670289/p
Mascotas,Alimento Seco para Gatos Dream Carne 2 Kg,"1,95 €","0,97 €/kg",https://www.carrefour.es/supermercado/carrefour-snacks-para-perro-de-pollo-6-uds-carrefour/R-prod670289/p
Mascotas,Tarrina de buey para perros Carrefour Bio 300 g.,"0,95 €","3,17 €/kg",https://www.carrefour.es/supermercado/bolsita-para-perros-frolic-tasty-bites-180-g-frolic/R-720860861/p
Mascotas,Stick para Gatos Vitakraft Mini Pescado con Omega 3 18 gr,"1,03 €","19,07 €/kg",https://www.carrefour.es/supermercado/bolsita-para-perros-frolic-tasty-bites-180-g-frolic/R-720860861/p
Mascotas,"Purina ONE Pienso para Gato Senior +11años 1,5Kg","6,90 €","4,60 €/kg",https://www.carrefour.es/supermercado/bolsita-para-perros-frolic-chew-bones-170-g-frolic/R-720860865/p
Mascotas,Carrefour Comida para Canarios 1Kg,"20,25 €","2,50 €/kg",https://www.carrefour.es/supermercado/bolsita-para-perros-frolic-chew-bones-170-g-frolic/R-720860865/p
Mascotas,Snacks dental para perros medianos Pedigree daily Oral Care Dentastix pack de 56 unidades,"1,98 €","0,36 €/ud",https://www.carrefour.es/supermercado/carrefour-comida-para-hamsters-800g-carrefour/R-555401585/p
Mascotas,Purina Gourmet Nature's Creations comida húmeda para gato surtido pescado 4x85g,"4,30 €","12,65 €/kg",https://www.carrefour.es/supermercado/purina-gourmet-natures-creations-comida-humeda-para-gato-surtido-pescado-4x85g/R-VC4AECOMM-458384/p
Mascotas,Alimento Gato Mousse de Pollo Beyond Grain Free Tarrina 85 grs,"0,95 €","11,18 €/kg",https://www.carrefour.es/supermercado/purina-gourmet-natures-creations-comida-humeda-para-gato-surtido-pescado-4x85g/R-VC4AECOMM-458384/p
Mascotas,Purina Gourmet Perle Comida Húmeda para Gato Finas Láminas en Gelatina Surtido 4x85g,"2,90 €","8,53 €/kg",https://www.carrefour.es/supermercado/alimento-gato-mousse-de-pollo-beyond-grain-free-tarrina-85-grs-beyond/R-prod970636/p
Mascotas,Snack Gatos Purina Felix Party Mix Original Mix Maxi Pack 200g,"3,75 €","18,75 €/kg",https://www.carrefour.es/supermercado/alimento-gato-mousse-de-pollo-beyond-grain-free-tarrina-85-grs-beyond/R-prod970636/p
Mascotas,Vitakraft Vegetal Clean Corn Lecho Higiénico de Maiz 8l,"7,10 €","0,89 €/l",https://www.carrefour.es/supermercado/HuchaPromocion?promoId=huchaDisc420150
Mascotas,Menu para Hamster 400 gr,"1,70 €","4,25 €/kg",https://www.carrefour.es/supermercado/purina-gourmet-perle-comida-humeda-para-gato-finas-laminas-en-gelatina-surtido-4x85g-gourmet-perle/R-550901755/p
Mascotas,Snacks dental para perros medianos Pedigree Dentastix Fresh pack de 28 unidades,"11,40 €","15,83 €/kg",https://www.carrefour.es/supermercado/purina-gourmet-perle-comida-humeda-para-gato-finas-laminas-en-gelatina-surtido-4x85g-gourmet-perle/R-550901755/p
Mascotas,"Ultima Pienso para Gato Esterilizado Adulto Sabor pollo 1,5kg.","7,50 €","5,00 €/kg",https://www.carrefour.es/supermercado/snack-gatos-purina-felix-party-mix-original-mix-maxi-pack-200g/R-VC4AECOMM-488351/p
Mascotas,"Purina Felix Pienso para Gato Crunchy&Soft de Pollo, Pavo y Verduras 950g","3,49 €","3,67 €/kg",https://www.carrefour.es/supermercado/snack-gatos-purina-felix-party-mix-original-mix-maxi-pack-200g/R-VC4AECOMM-488351/p
Mascotas,Galletas de buey y queso para perro Purina Friskies Stars 320 g.,"2,95 €","9,22 €/kg",https://www.carrefour.es/supermercado/vitakraft-vegetal-clean-corn-lecho-higienico-de-maiz-8l-vitakraft/R-720860769/p
Mascotas,"Carrefour Pienso para Gato Junior de Pollo, Zanahoria y Leche 1,5Kg","2,50 €","1,67 €/kg",https://www.carrefour.es/supermercado/vitakraft-vegetal-clean-corn-lecho-higienico-de-maiz-8l-vitakraft/R-720860769/p
Mascotas,Carrefour Comida para Conejos Snoby 500g,"0,79 €","1,58 €/kg",https://www.carrefour.es/supermercado/promocion?promoId=promof2530139
Mascotas,Alimento húmedo para gatos de buey/pavo Carrefour 4x85g,"1,60 €","4,71 €/kg",https://www.carrefour.es/supermercado/menu-para-hamster-400-gr-vitakraft/R-553703578/p
Mascotas,Whiskas Dentabites para Higiene Oral de Uso Diario para Gatos,"2,15 €","2,15 €/ud",https://www.carrefour.es/supermercado/menu-para-hamster-400-gr-vitakraft/R-553703578/p
Mascotas,Braky Delicias Razas Pequeñas 200 grs,"3,50 €","17,50 €/kg",https://www.carrefour.es/supermercado/snacks-dental-para-perros-medianos-pedigree-dentastix-fresh-pack-de-28-unidades-pedigree/R-794633460/p
Mascotas,Snacks dental para perros medianos Pedigree Dentastix pack de 7 unidades,"2,95 €","16,39 €/kg",https://www.carrefour.es/supermercado/snacks-dental-para-perros-medianos-pedigree-dentastix-fresh-pack-de-28-unidades-pedigree/R-794633460/p
Mascotas,Pienso de aves y verduras para perro adulto Purina Friskies 15 Kg.,"22,95 €","1,53 €/kg",https://www.carrefour.es/supermercado/ultima-pienso-para-gato-esterilizado-adulto-sabor-pollo-1-5kg-ultima/R-prod290660/p
Mascotas,"Ultima Pienso para Gato Adulto Digestión Delicada 1,5kg.","7,40 €","4,93 €/kg",https://www.carrefour.es/supermercado/ultima-pienso-para-gato-esterilizado-adulto-sabor-pollo-1-5kg-ultima/R-prod290660/p
Mascotas,Toallitas higiénicas perro 100 pcs,"7,95 €","0,08 €/ud",https://www.carrefour.es/supermercado/purina-felix-pienso-para-gato-crunchysoft-de-pollo-pavo-y-verduras-950g/R-VC4AECOMM-503115/p
Mascotas,Latita Vitakraft Poésie de Gelatina con Salmón y Espinacas 85 gr,"0,59 €","6,94 €/kg",https://www.carrefour.es/supermercado/purina-felix-pienso-para-gato-crunchysoft-de-pollo-pavo-y-verduras-950g/R-VC4AECOMM-503115/p
Mascotas,Galletas rellenas para perro pequeño Pedigree Markies 500 g.,"2,95 €","5,90 €/kg",https://www.carrefour.es/supermercado/galletas-de-buey-y-queso-para-perro-purina-friskies-stars-320-g/R-VC4AECOMM-213640/p
Mascotas,"Purina Beyond Grain Free Comida Seca para Gato Pollo 1,2Kg","8,50 €","7,08 €/kg",https://www.carrefour.es/supermercado/galletas-de-buey-y-queso-para-perro-purina-friskies-stars-320-g/R-VC4AECOMM-213640/p
Mascotas,Purina Gourmet Perle Comida Húmeda para Gato Finas Láminas DUO Carnes Delicadas 4x85g,"2,90 €","8,53 €/kg",https://www.carrefour.es/supermercado/carrefour-pienso-para-gato-junior-de-pollo-zanahoria-y-leche-1-5kg-carrefour/R-prod210614/p
Mascotas,Purina Felix Snacks para Gatos Crispies Buey y Pollo 45g,"1,62 €","36,00 €/kg",https://www.carrefour.es/supermercado/carrefour-pienso-para-gato-junior-de-pollo-zanahoria-y-leche-1-5kg-carrefour/R-prod210614/p
Mascotas,Alimento Gato Mousse de Salmón Beyond Grain Free Tarrina 85 grs,"0,95 €","11,18 €/kg",https://www.carrefour.es/supermercado/alimento-gato-mousse-de-salmon-beyond-grain-free-tarrina-85-grs-beyond/R-prod970612/p
Mascotas,Carrefour Champú 2en1 para Perro 250ml,"3,49 €","13,96 €/l",https://www.carrefour.es/supermercado/alimento-gato-mousse-de-salmon-beyond-grain-free-tarrina-85-grs-beyond/R-prod970612/p
Mascotas,Barritas con Verduras para Roedores,"1,47 €","1,47 €/ud",https://www.carrefour.es/supermercado/HuchaPromocion?promoId=huchaDisc420150
Mascotas,Vitakraft Menú Aroma para Conejos Enanos 3Kg,"7,95 €","2,37 €/kg",https://www.carrefour.es/supermercado/carrefour-champu-2en1-para-perro-250ml-carrefour/R-720860543/p
Mascotas,Bolsa para arenero de gatos Carrefour 5 ud.,"2,95 €","7,95 €/ud",https://www.carrefour.es/supermercado/carrefour-champu-2en1-para-perro-250ml-carrefour/R-720860543/p
Mascotas,Snack de sandwich de pescado 100% naturales para perros Vitakraft 80g,"2,80 €","36,87 €/kg",https://www.carrefour.es/supermercado/barritas-con-verduras-para-roedores-carrefour/R-555401599/p
Mascotas,Hueso dental para perro mediano y grande Purina Friskies fresh 180 g.,"1,55 €","15,56 €/kg",https://www.carrefour.es/supermercado/barritas-con-verduras-para-roedores-carrefour/R-555401599/p
Mascotas,Carrefour Comida Húmeda para Gato Adulto de Pollo y Buey 4x85g,"0,59 €","4,56 €/kg",https://www.carrefour.es/supermercado/vitakraft-menu-aroma-para-conejos-enanos-3kg-vitakraft/R-527031176/p
Mascotas,Latita Vitakraft Poésie con Pavo en Salsa de Queso 85 gr,"4,60 €","6,94 €/kg",https://www.carrefour.es/supermercado/vitakraft-menu-aroma-para-conejos-enanos-3kg-vitakraft/R-527031176/p
Mascotas,"Croquetas para Gato 4 Kg, Carrefour","6,50 €","1,15 €/kg",https://www.carrefour.es/supermercado/promocion?promoId=promof2530136
Mascotas,Almohadillas sanitarias para cachorros Vitakraft 60x60,"1,75 €","0,43 €/ud",https://www.carrefour.es/supermercado/bolsa-para-arenero-de-gatos-carrefour-5-ud-carrefour/R-prod260328/p
Mascotas,Purina Dentalife Snacks para Gato Sabor Pollo 40g,"1,84 €","43,75 €/kg",https://www.carrefour.es/supermercado/bolsa-para-arenero-de-gatos-carrefour-5-ud-carrefour/R-prod260328/p
Mascotas,Bolsitas de comida húmeda de pollo y cordero Pedigree pack de 4 unidades de 100 g.,"7,40 €","18,40 €/kg",https://www.carrefour.es/supermercado/snack-de-sandwich-de-pescado-100-naturales-para-perros-vitakraft-80g/R-prod880165/p
Mascotas,Pienso de buey para perro adulto Mini Purina Friskies Menú 3 Kg.,"0,95 €","2,47 €/kg",https://www.carrefour.es/supermercado/snack-de-sandwich-de-pescado-100-naturales-para-perros-vitakraft-80g/R-prod880165/p
Mascotas,Carrefour Comida Húmeda para Perro Adulto de Buey 1250g,"2,00 €","0,76 €/kg",https://www.carrefour.es/supermercado/hueso-dental-para-perro-mediano-y-grande-purina-friskies-fresh-180-g-friskies/R-618801657/p
Mascotas,Snack de pollo para perros purina Friskies Picnic 126 g.,"3,50 €","15,87 €/kg",https://www.carrefour.es/supermercado/hueso-dental-para-perro-mediano-y-grande-purina-friskies-fresh-180-g-friskies/R-618801657/p
Mascotas,Vitakraft Menú para Cotorras 1Kg,"11,75 €","3,50 €/kg",https://www.carrefour.es/supermercado/carrefour-comida-humeda-para-gato-adulto-de-pollo-y-buey-4x85g-carrefour/R-prod251196/p
Mascotas,Pienso de buey para perros adultos Frolic 4 Kg.,"6,90 €","2,94 €/kg",https://www.carrefour.es/supermercado/carrefour-comida-humeda-para-gato-adulto-de-pollo-y-buey-4x85g-carrefour/R-prod251196/p
Mascotas,"Purina ONE Bifensis Pienso para Gato Adulto Pollo y Cereales 1,5Kg","10,60 €","4,60 €/kg",https://www.carrefour.es/supermercado/latita-vitakraft-poesie-con-pavo-en-salsa-de-queso-85-gr-vitakraft/R-832204918/p
Mascotas,Pienso de pollo y arroz para perro adulto Ultima 3 Kg.,"4,30 €","3,53 €/kg",https://www.carrefour.es/supermercado/latita-vitakraft-poesie-con-pavo-en-salsa-de-queso-85-gr-vitakraft/R-832204918/p
Mascotas,Purina Gourmet Nature's Creations comida húmeda para gato surtido carnes 4x85g,"0,69 €","12,65 €/kg",https://www.carrefour.es/supermercado/croquetas-para-gato-4-kg-carrefour-carrefour/R-550901589/p
Mascotas,Purina Gourmet Gold Comida Húmeda para Gato Bocaditos en Salsa Salmon y Pollo 85g,"1,60 €","8,12 €/kg",https://www.carrefour.es/supermercado/croquetas-para-gato-4-kg-carrefour-carrefour/R-550901589/p
Mascotas,Snack para perros Purina Adventuros strips 90 g.,"3,70 €","17,78 €/kg",https://www.carrefour.es/supermercado/almohadillas-sanitarias-para-cachorros-vitakraft-60x60-vitakraft/R-553302099/p
Mascotas,Vitakraft Vita Nature Espigas de Mijo para Pájaros 100g,"2,69 €","26,90 €/kg",https://www.carrefour.es/supermercado/vitakraft-vita-nature-espigas-de-mijo-para-pajaros-100g-vitakraft/R-553703596/p
Mascotas,Brekkies Alimento húmedo para Gato multipack 6x100 g.,"3,50 €","5,83 €/kg",https://www.carrefour.es/supermercado/vitakraft-vita-nature-espigas-de-mijo-para-pajaros-100g-vitakraft/R-553703596/p
Mascotas,Catisfactions Premios para Gatos Sabor Salmón en Maxi Pack 180gr,"3,35 €","18,61 €/kg",https://www.carrefour.es/supermercado/brekkies-alimento-humedo-para-gato-multipack-6x100-g-brekkies/R-550901893/p
Mascotas,Pienso de pollo y arroz para perro adulto Medium Maxi Ultima 7Kg,"26,50 €","3,79 €/kg",https://www.carrefour.es/supermercado/brekkies-alimento-humedo-para-gato-multipack-6x100-g-brekkies/R-550901893/p
Mascotas,"Brekkies Pienso para Gato esterilizados 1,5 kg","4,40 €","2,93 €/kg",https://www.carrefour.es/supermercado/catisfactions-premios-para-gatos-sabor-salmon-en-maxi-pack-180gr-catisfaction/R-829041947/p
Mascotas,Purina Felix Snacks para Gatos Party Mix Seaside Mix 200g,"3,75 €","18,75 €/kg",https://www.carrefour.es/supermercado/catisfactions-premios-para-gatos-sabor-salmon-en-maxi-pack-180gr-catisfaction/R-829041947/p
Mascotas,Menú premium para canarios Vitakraft 1Kg,"2,50 €","2,50 €/ud",https://www.carrefour.es/supermercado/pienso-de-pollo-y-arroz-para-perro-adulto-medium-maxi-ultima-7kg-ultima/R-550701648/p
Mascotas,Snack Gatos Delicias de Leche Purina Felix 60 grs,"1,54 €","25,67 €/kg",https://www.carrefour.es/supermercado/pienso-de-pollo-y-arroz-para-perro-adulto-medium-maxi-ultima-7kg-ultima/R-550701648/p
Mascotas,Carrefour Snacks para Perro de Buey 4 unidades,"1,95 €","0,49 €/ud",https://www.carrefour.es/supermercado/brekkies-pienso-para-gato-esterilizados-1-5-kg-brekkies/R-766008842/p
Mascotas,Carrefour Snacks para Perro de Buey 1 unidad,"1,50 €","1,50 €/ud",https://www.carrefour.es/supermercado/brekkies-pienso-para-gato-esterilizados-1-5-kg-brekkies/R-766008842/p
Mascotas,Vitakraft Menú para Conejos Enanos 1Kg,"3,30 €","3,30 €/kg",https://www.carrefour.es/supermercado/purina-felix-snacks-para-gatos-party-mix-seaside-mix-200g-felix/R-fprod1190392/p
Mascotas,Ultima Leche para Gatoy Gatitos 250ml.,"1,40 €","5,60 €/l",https://www.carrefour.es/supermercado/purina-felix-snacks-para-gatos-party-mix-seaside-mix-200g-felix/R-fprod1190392/p
Mascotas,"Purina Beyond Grain Free Comida Seca para Gato Salmón 1,2Kg","8,50 €","7,08 €/kg",https://www.carrefour.es/supermercado/menu-premium-para-canarios-vitakraft-1kg/R-VC4AECOMM-500479/p
Mascotas,Purina Felix Comida Húmeda para Gato Sensations Gelatinas Salmón 4x100g,"2,15 €","5,37 €/kg",https://www.carrefour.es/supermercado/menu-premium-para-canarios-vitakraft-1kg/R-VC4AECOMM-500479/p
Mascotas,Carrefour Multicroquetas para Perro de Buey 10Kg,"7,95 €","0,79 €/kg",https://www.carrefour.es/supermercado/snack-gatos-delicias-de-leche-purina-felix-60-grs-felix/R-prod770089/p
Mascotas,"Pienso de pollo y arroz para perro adulto Mini Purina One Active 1,5 Kg.","5,55 €","3,70 €/kg",https://www.carrefour.es/supermercado/snack-gatos-delicias-de-leche-purina-felix-60-grs-felix/R-prod770089/p
Mascotas,Ultima Pienso para Gato cachorro sabor pollo 400gr.,"2,35 €","5,87 €/kg",https://www.carrefour.es/supermercado/carrefour-snacks-para-perro-de-buey-4-unidades-carrefour/R-prod880290/p
Mascotas,Pienso de pollo y cereales para perros Mini Brekkies 3 Kg.,"7,95 €","2,65 €/kg",https://www.carrefour.es/supermercado/carrefour-snacks-para-perro-de-buey-4-unidades-carrefour/R-prod880290/p
Mascotas,Purina Felix Comida Húmeda para Gato Fantastic Gelatina Selección Surtido de Verduras 4x100g,"2,00 €","5,00 €/kg",https://www.carrefour.es/supermercado/carrefour-snacks-para-perro-de-buey-1-unidad-carrefour/R-prod880468/p
Mascotas,Carrefour Comida Húmeda para Perro Adulto sabor Pollo 1250g,"0,95 €","0,76 €/kg",https://www.carrefour.es/supermercado/carrefour-snacks-para-perro-de-buey-1-unidad-carrefour/R-prod880468/p
Mascotas,"Purina Felix Pienso para Gato Crunchy&Soft de Salmón, Atún y Verduras 950g","3,60 €","3,79 €/kg",https://www.carrefour.es/supermercado/vitakraft-menu-para-conejos-enanos-1kg-vitakraft/R-530337235/p
Mascotas,Carrefour Perlas de Anís 2Kg,"1,65 €","0,82 €/kg",https://www.carrefour.es/supermercado/vitakraft-menu-para-conejos-enanos-1kg-vitakraft/R-530337235/p
Mascotas,"Ultima Natura Pienso para Gato Esterilizado y Tracto Urinario de Pollo y Verduras 1,5Kg","7,85 €","5,23 €/kg",https://www.carrefour.es/supermercado/ultima-leche-para-gatoy-gatitos-250ml-ultima/R-799715394/p
Mascotas,"Multicroquetas para Gato 2 Kg, Carrefour","2,55 €","1,27 €/ud",https://www.carrefour.es/supermercado/ultima-leche-para-gatoy-gatitos-250ml-ultima/R-799715394/p
Mascotas,Dentastix de uso diario para la limpieza dental de perros grandes Pedigree packde 7 unidades,"3,20 €","11,85 €/kg",https://www.carrefour.es/supermercado/dentastix-de-uso-diario-para-la-limpieza-dental-de-perros-grandes-pedigree-packde-7-unidades-pedigree/R-720860709/p
Mascotas,"Bolsitas de comida húmeda de pollo, buey y verduras Pedigree pack de 4 unidades de 100 g.","1,84 €","1,84 €/ud",https://www.carrefour.es/supermercado/dentastix-de-uso-diario-para-la-limpieza-dental-de-perros-grandes-pedigree-packde-7-unidades-pedigree/R-720860709/p
Mascotas,"Brekkies Pienso para Gato Adultos ternera 1,5 kg","4,10 €","2,73 €/kg",https://www.carrefour.es/supermercado/bolsitas-de-comida-humeda-de-pollo-buey-y-verduras-pedigree-pack-de-4-unidades-de-100-g-pedigree/R-prod221552/p
Mascotas,"Pienso de pollo para perro adulto Mini Ultima 7,5 Kg.","26,80 €","3,57 €/kg",https://www.carrefour.es/supermercado/bolsitas-de-comida-humeda-de-pollo-buey-y-verduras-pedigree-pack-de-4-unidades-de-100-g-pedigree/R-prod221552/p
Mascotas,Pienso de cordero para perro adulto Medium Maxi Ultima Nature 3 Kg.,"14,45 €","4,82 €/kg",https://www.carrefour.es/supermercado/brekkies-pienso-para-gato-adultos-ternera-1-5-kg-brekkies/R-720860451/p
Mascotas,Purina Gourmet Crystal Soup Comida para Gato Salmón Natural y Verduras 4x40g,"3,25 €","20,31 €/kg",https://www.carrefour.es/supermercado/brekkies-pienso-para-gato-adultos-ternera-1-5-kg-brekkies/R-720860451/p
Mascotas,Purina Gourmet Nature's Creations comida húmeda para gato rico en buey 85 g.,"1,19 €","14,00 €/kg",https://www.carrefour.es/supermercado/pienso-de-pollo-para-perro-adulto-mini-ultima-7-5-kg-ultima/R-fprod1190583/p
Mascotas,Purina Gourmet Diamant Comida Húmeda para Gato Finas Lonchas Carnes Asadas Pollo 85g,"1,24 €","1,24 €/ud",https://www.carrefour.es/supermercado/pienso-de-pollo-para-perro-adulto-mini-ultima-7-5-kg-ultima/R-fprod1190583/p
Mascotas,Carrefour Comida Húmeda para Perros Sabores Surtidos 6x150g,"2,60 €","2,89 €/kg",https://www.carrefour.es/supermercado/pienso-de-cordero-para-perro-adulto-medium-maxi-ultima-nature-3-kg-ultima/R-826752931/p
Mascotas,Comida húmeda para perro Mini Senior Ultima 4 unidades de 150 g.,"4,70 €","7,83 €/kg",https://www.carrefour.es/supermercado/pienso-de-cordero-para-perro-adulto-medium-maxi-ultima-nature-3-kg-ultima/R-826752931/p
Mascotas,Cama Blanda para Hamster Dreamy 20 gr,"2,20 €","110,00 €/kg",https://www.carrefour.es/supermercado/purina-gourmet-crystal-soup-comida-para-gato-salmon-natural-y-verduras-4x40g-gourmet-crystal/R-prod230432/p
Mascotas,Snack dental para perro adulto toy Ultima Interdental 70 g.,"1,95 €","27,86 €/kg",https://www.carrefour.es/supermercado/purina-gourmet-crystal-soup-comida-para-gato-salmon-natural-y-verduras-4x40g-gourmet-crystal/R-prod230432/p
Mascotas,Sheba Multipack de 6 Bolsitas Délices Du Jour para Gatos de Pescado,"2,55 €","8,50 €/kg",https://www.carrefour.es/supermercado/purina-gourmet-natures-creations-comida-humeda-para-gato-rico-en-buey-85-g/R-VC4AECOMM-458382/p
Mascotas,Pienso de pollo para perro adulto Medium Maxi Ultima Nature 3 Kg.,"14,45 €","4,82 €/kg",https://www.carrefour.es/supermercado/purina-gourmet-natures-creations-comida-humeda-para-gato-rico-en-buey-85-g/R-VC4AECOMM-458382/p
Mascotas,"Purina Gourmet Perle Finas Láminas en Salsa con Buey, Pollo, Conejo, Salmón 4x85g","2,90 €","8,53 €/kg",https://www.carrefour.es/supermercado/purina-gourmet-diamant-comida-humeda-para-gato-finas-lonchas-carnes-asadas-pollo-85g-gourmet-diamant/R-553302061/p
Mascotas,Menú premium para periquitos Vitakraft 1 kg,"2,50 €","41,67 €/kg",https://www.carrefour.es/supermercado/purina-gourmet-diamant-comida-humeda-para-gato-finas-lonchas-carnes-asadas-pollo-85g-gourmet-diamant/R-553302061/p
Mascotas,Purina One Esterilizados Gato Salmón y Pavo 4x85 grs,"3,25 €","9,56 €/kg",https://www.carrefour.es/supermercado/carrefour-comida-humeda-para-perros-sabores-surtidos-6x150g-carrefour/R-550701474/p
Mascotas,Purina One Junior Gato Salmón 4x85 grs,"3,25 €","9,56 €/kg",https://www.carrefour.es/supermercado/carrefour-comida-humeda-para-perros-sabores-surtidos-6x150g-carrefour/R-550701474/p
Mascotas,Carrefour Comida para Tórtolas 1Kg,"2,50 €","2,50 €/kg",https://www.carrefour.es/supermercado/comida-humeda-para-perro-mini-senior-ultima-4-unidades-de-150-g-ultima/R-720861353/p
Mascotas,"Tarrina de ternera y aves para perros Senior Pedigree 1,5 Kg","1,81 €","6,03 €/kg",https://www.carrefour.es/supermercado/comida-humeda-para-perro-mini-senior-ultima-4-unidades-de-150-g-ultima/R-720861353/p
Mascotas,Vitakraft Virutas de Roedores 60L,"5,50 €","5,50 €/ud",https://www.carrefour.es/supermercado/cama-blanda-para-hamster-dreamy-20-gr-vitakraft/R-553703588/p
Mascotas,Snacks dental para perros medianos Brekkies Total Dent 28 unidades,"9,10 €","12,64 €/kg",https://www.carrefour.es/supermercado/cama-blanda-para-hamster-dreamy-20-gr-vitakraft/R-553703588/p
Mascotas,Vitakraft Barritas para Hamster de Miel 2 uds,"2,49 €","1,24 €/ud",https://www.carrefour.es/supermercado/snack-dental-para-perro-adulto-toy-ultima-interdental-70-g-ultima/R-794633456/p
Mascotas,Vitakraft Stick Snack para Gato de Salmón,"1,05 €","0,35 €/ud",https://www.carrefour.es/supermercado/snack-dental-para-perro-adulto-toy-ultima-interdental-70-g-ultima/R-794633456/p
Mascotas,Snack dental para perros pequeños Pedigree Dentastix pack de 56 unidades,"16,45 €","0,29 €/ud",https://www.carrefour.es/supermercado/snack-dental-para-perros-pequenos-pedigree-dentastix-pack-de-56-unidades-pedigree/R-830826864/p
Mascotas,Sheba Multipack de 6 Bolsitas Délices Du Jour para Gatos de Aves,"2,55 €","8,50 €/kg",https://www.carrefour.es/supermercado/snack-dental-para-perros-pequenos-pedigree-dentastix-pack-de-56-unidades-pedigree/R-830826864/p
Mascotas,Pienso de buey para perro adulto Purina Friskies Vitafit Active 3 Kg.,"6,95 €","2,32 €/kg",https://www.carrefour.es/supermercado/sheba-multipack-de-6-bolsitas-delices-du-jour-para-gatos-de-aves-sheba/R-826004301/p
Mascotas,"Pienso de buey, verduras y cereales para perros Mini Tenderissimo Brekkies 1 Kg.","3,99 €","3,99 €/kg",https://www.carrefour.es/supermercado/sheba-multipack-de-6-bolsitas-delices-du-jour-para-gatos-de-aves-sheba/R-826004301/p
Mascotas,Gourmet Perle Delight Delicias en Salsa Multipack Salmón y Atún 4x85 grs,"2,85 €","8,38 €/kg",https://www.carrefour.es/supermercado/pienso-de-buey-para-perro-adulto-purina-friskies-vitafit-active-3-kg-friskies/R-791585686/p
Mascotas,Snacks dental para perro pequeño Purina Dentalife Multipack 30 unidades,"7,40 €","0,25 €/ud",https://www.carrefour.es/supermercado/pienso-de-buey-para-perro-adulto-purina-friskies-vitafit-active-3-kg-friskies/R-791585686/p
Mascotas,Alimento Gato Mousse de Buey Beyond Grain Free Tarrina 85 grs,"0,92 €","10,82 €/kg",https://www.carrefour.es/supermercado/pienso-de-buey-verduras-y-cereales-para-perros-mini-tenderissimo-brekkies-1-kg-brekkies/R-816210972/p
Mascotas,Purina One Sensitive Gato Salmón y Pavo 4x85 grs,"3,25 €","9,56 €/kg",https://www.carrefour.es/supermercado/pienso-de-buey-verduras-y-cereales-para-perros-mini-tenderissimo-brekkies-1-kg-brekkies/R-816210972/p
Mascotas,Ultima Natura Comida Húmeda para Gato Multipack Variedades de Pescado 12x85 grs,"8,75 €","8,58 €/kg",https://www.carrefour.es/supermercado/gourmet-perle-delight-delicias-en-salsa-multipack-salmon-y-atun-4x85-grs-gourmet-perle/R-prod720102/p
Mascotas,Menu para Cobaya 1 kg Vitakraft,"3,15 €","3,15 €/kg",https://www.carrefour.es/supermercado/gourmet-perle-delight-delicias-en-salsa-multipack-salmon-y-atun-4x85-grs-gourmet-perle/R-prod720102/p
Mascotas,Pienso de buey y verduras para perro adulto Purina Dog Menú 15 Kg.,"17,80 €","1,19 €/kg",https://www.carrefour.es/supermercado/snacks-dental-para-perro-pequeno-purina-dentalife-multipack-30-unidades/R-VC4AECOMM-567635/p
Mascotas,"Pienso de pollo y arroz para perro cachorros Medium Ultima 7,5 Kg.","26,90 €","3,59 €/kg",https://www.carrefour.es/supermercado/snacks-dental-para-perro-pequeno-purina-dentalife-multipack-30-unidades/R-VC4AECOMM-567635/p
Mascotas,Pienso de pollo para perro adulto Medium Maxi Ultima 3 Kg.,"12,15 €","4,05 €/kg",https://www.carrefour.es/supermercado/alimento-gato-mousse-de-buey-beyond-grain-free-tarrina-85-grs-beyond/R-prod970635/p
Mascotas,Ultima Pienso para Gato Adultos Esterilizado Sabor Buey 800gr.,"4,19 €","5,24 €/kg",https://www.carrefour.es/supermercado/alimento-gato-mousse-de-buey-beyond-grain-free-tarrina-85-grs-beyond/R-prod970635/p
Mascotas,Purina Felix Comida Húmeda para Gato Fantastic Gelatina Selecciones Favoritas 4x100g,"2,00 €","5,00 €/kg",https://www.carrefour.es/supermercado/HuchaPromocion?promoId=huchaDisc420150
Mascotas,Snack de bacon para perros Brekkies 300 g.,"3,40 €","11,33 €/kg",https://www.carrefour.es/supermercado/purina-one-sensitive-gato-salmon-y-pavo-4x85-grs-purina-one/R-prod770090/p
Mascotas,Vitakraft Menú para Agapornis,"5,39 €","5,39 €/ud",https://www.carrefour.es/supermercado/purina-one-sensitive-gato-salmon-y-pavo-4x85-grs-purina-one/R-prod770090/p
Mascotas,Caña de Pescar para Gato Vitakraft con Ratón,"2,31 €","2,31 €/ud",https://www.carrefour.es/supermercado/ultima-natura-comida-humeda-para-gato-multipack-variedades-de-pescado-12x85-grs/R-VC4AECOMM-356600/p
Mascotas,Snack para perro Vitakraft Beef Stick,"0,63 €","0,63 €/ud",https://www.carrefour.es/supermercado/ultima-natura-comida-humeda-para-gato-multipack-variedades-de-pescado-12x85-grs/R-VC4AECOMM-356600/p
Mascotas,Snacks dental para perro Maxi Brekkies Total Dent 28 unidades,"11,20 €","10,37 €/kg",https://www.carrefour.es/supermercado/promocion?promoId=promof2530147
Mascotas,Snacks para perros pequeños Pedigree Dentastix fresh pack de 28 unidades,"8,80 €","20,00 €/kg",https://www.carrefour.es/supermercado/menu-para-cobaya-1-kg-vitakraft-vitakraft/R-553703632/p
Mascotas,"Pienso de buey y arroz para perro adulto Mini Purina One piel y pelaje 1,5 Kg.","5,65 €","3,77 €/kg",https://www.carrefour.es/supermercado/menu-para-cobaya-1-kg-vitakraft-vitakraft/R-553703632/p
Mascotas,Bolsitas de carnes mixtas selección en gelatina para perro Cesar multipack de 4 unidades de 100 g.,"2,49 €","6,23 €/kg",https://www.carrefour.es/supermercado/pienso-de-buey-y-verduras-para-perro-adulto-purina-dog-menu-15-kg-dog-menu/R-842500552/p
Mascotas,"Comida húmeda de salmón, arroz y zanahorias en salsa para perro Mini Purina One Delicate 4 unidades de 100 g.","2,30 €","5,75 €/kg",https://www.carrefour.es/supermercado/pienso-de-buey-y-verduras-para-perro-adulto-purina-dog-menu-15-kg-dog-menu/R-842500552/p
Mascotas,"Ultima Nature Pienso para Gato Adulto Sabor pollo 1,25kg.","8,95 €","7,16 €/kg",https://www.carrefour.es/supermercado/ultima-nature-pienso-para-gato-adulto-sabor-pollo-1-25kg-ultima/R-826217356/p
Mascotas,"Pienso de cordero para perro adulto Mini Ultima Nature 1,25 Kg.","8,45 €","6,76 €/kg",https://www.carrefour.es/supermercado/ultima-nature-pienso-para-gato-adulto-sabor-pollo-1-25kg-ultima/R-826217356/p
Mascotas,Comida húmeda para perro cachorro Mini Ultima 150 g.,"1,08 €","7,20 €/kg",https://www.carrefour.es/supermercado/pienso-de-cordero-para-perro-adulto-mini-ultima-nature-1-25-kg-ultima/R-826217364/p
Mascotas,Menú peces de agua fría Vitakraft 250 ml,"2,50 €","10,00 €/l",https://www.carrefour.es/supermercado/pienso-de-cordero-para-perro-adulto-mini-ultima-nature-1-25-kg-ultima/R-826217364/p
Mascotas,Pilots Salmon Braky 110gr para Gato,"1,95 €","17,73 €/kg",https://www.carrefour.es/supermercado/comida-humeda-para-perro-cachorro-mini-ultima-150-g-ultima/R-720863271/p
Mascotas,Sheba Multipack de 6 Bolsitas Délices Du Jour para Gatos de Carnes,"2,50 €","8,33 €/kg",https://www.carrefour.es/supermercado/comida-humeda-para-perro-cachorro-mini-ultima-150-g-ultima/R-720863271/p
Mascotas,"Ultima Nature No Grain Gato Adulto Pavo 1,10 kg","8,65 €","7,86 €/kg",https://www.carrefour.es/supermercado/menu-peces-de-agua-fria-vitakraft-250-ml/R-VC4AECOMM-659585/p
Mascotas,Pienso de pollo y arroz para perro cachorros Medium Ultima 3 Kg.,"10,95 €","3,65 €/kg",https://www.carrefour.es/supermercado/menu-peces-de-agua-fria-vitakraft-250-ml/R-VC4AECOMM-659585/p
Mascotas,Purina Gourmet Perle Salsa Pollo 4x85 gr,"2,85 €","8,38 €/kg",https://www.carrefour.es/supermercado/promocion?promoId=promof2530144
Mascotas,"Purina Felix Pienso para Gato Crunchy&Soft de Buey, Pollo y Verduras 950g","3,69 €","3,88 €/kg",https://www.carrefour.es/supermercado/pilots-salmon-braky-110gr-para-gato-braky/R-836507091/p
Mascotas,Carrefour Snacks para Perro de Buey 1 unidad,"1,95 €","1,95 €/ud",https://www.carrefour.es/supermercado/pilots-salmon-braky-110gr-para-gato-braky/R-836507091/p
Mascotas,"Champú para Perro Uso Frecuente 1L, Carrefour","6,25 €","6,25 €/l",https://www.carrefour.es/supermercado/sheba-multipack-de-6-bolsitas-delices-du-jour-para-gatos-de-carnes-sheba/R-829041923/p
Mascotas,Cat-Stick Vitakraft Mini Atún y Bacalao,"1,09 €","0,36 €/ud",https://www.carrefour.es/supermercado/sheba-multipack-de-6-bolsitas-delices-du-jour-para-gatos-de-carnes-sheba/R-829041923/p
Mascotas,Comida húmeda para perro Mini cachorro Ultima 4 unidades de 150 g.,"4,70 €","7,83 €/kg",https://www.carrefour.es/supermercado/ultima-nature-no-grain-gato-adulto-pavo-1-10-kg-ultima/R-prod930217/p
Mascotas,Barritas para aves de frutas y miel SanDimas 90 g.,"1,75 €","1,75 €/ud",https://www.carrefour.es/supermercado/ultima-nature-no-grain-gato-adulto-pavo-1-10-kg-ultima/R-prod930217/p
Mascotas,"Arena Sandy para Pájaros Vitakraft 2,5 Kg","3,44 €","1,38 €/kg",https://www.carrefour.es/supermercado/pienso-de-pollo-y-arroz-para-perro-cachorros-medium-ultima-3-kg-ultima/R-550701614/p
Mascotas,Ratones Felpa para Gato Vitakraft For You 6 Uds,"2,27 €","0,38 €/ud",https://www.carrefour.es/supermercado/pienso-de-pollo-y-arroz-para-perro-cachorros-medium-ultima-3-kg-ultima/R-550701614/p
Mascotas,Menu Peces Tropicales 250 ml,"2,99 €","11,96 €/l",https://www.carrefour.es/supermercado/purina-gourmet-perle-salsa-pollo-4x85-gr-gourmet-perle/R-prod720089/p
Mascotas,Pipetas permetrina para perro pequeño (1-15Kg) Dixie 3X1 ml,"11,95 €","11.950,00 €/ud",https://www.carrefour.es/supermercado/purina-gourmet-perle-salsa-pollo-4x85-gr-gourmet-perle/R-prod720089/p
Mascotas,Whiskas Multipack de 4 Bolsitas para Gatos Senior Selección de Aves 100gr,"1,86 €","4,65 €/kg",https://www.carrefour.es/supermercado/purina-felix-pienso-para-gato-crunchysoft-de-buey-pollo-y-verduras-950g/R-VC4AECOMM-503113/p
Mascotas,Pienso de buey y arroz para perro adulto Mini Purina One 800 g.,"3,50 €","4,37 €/kg",https://www.carrefour.es/supermercado/purina-felix-pienso-para-gato-crunchysoft-de-buey-pollo-y-verduras-950g/R-VC4AECOMM-503113/p
Mascotas,"Brekkies Pienso para Gato Adultos salmón, atún y verdura 1.5 kg","4,10 €","2,73 €/kg",https://www.carrefour.es/supermercado/carrefour-snacks-para-perro-de-buey-1-unidad-carrefour/R-prod880639/p
Mascotas,"Pienso de pollo y arroz para perro Buldog Francés Ultima 1,5 Kg.","6,95 €","4,63 €/kg",https://www.carrefour.es/supermercado/carrefour-snacks-para-perro-de-buey-1-unidad-carrefour/R-prod880639/p
Mascotas,Pienso de pollo y arroz para perro adulto Mini Purina One Dental 800 g.,"3,35 €","4,19 €/kg",https://www.carrefour.es/supermercado/champu-para-perro-uso-frecuente-1l-carrefour-carrefour/R-720860547/p
Mascotas,Pienso de pollo y arroz para perros Junior Brekkies 3 Kg.,"9,00 €","3,00 €/kg",https://www.carrefour.es/supermercado/pienso-de-pollo-y-arroz-para-perros-junior-brekkies-3-kg-brekkies/R-720862274/p
Mascotas,Purina ONE Bifensis Pienso para Gato Digestión Sensible Salmón y Cereales 800g,"3,79 €","4,74 €/kg",https://www.carrefour.es/supermercado/pienso-de-pollo-y-arroz-para-perros-junior-brekkies-3-kg-brekkies/R-720862274/p
Mascotas,"Pienso de pollo para perro adulto Mini Ultima Nature 1,25 Kg.","8,45 €","6,76 €/kg",https://www.carrefour.es/supermercado/purina-one-bifensis-pienso-para-gato-digestion-sensible-salmon-y-cereales-800g-one/R-798482529/p
Mascotas,Purina Gourmet Gold Comida Húmeda para Gato Mousse Surtido 8x85g,"4,65 €","6,84 €/kg",https://www.carrefour.es/supermercado/purina-one-bifensis-pienso-para-gato-digestion-sensible-salmon-y-cereales-800g-one/R-798482529/p
Mascotas,Purina Gourmet Comida para Gato Gold Bocaditos en Salsa Pollo e Higado 85g,"0,69 €","8,12 €/kg",https://www.carrefour.es/supermercado/pienso-de-pollo-para-perro-adulto-mini-ultima-nature-1-25-kg-ultima/R-826217362/p
Mascotas,Purina One Gato Adulto Pollo y Buey 4x85 grs,"3,25 €","9,56 €/kg",https://www.carrefour.es/supermercado/pienso-de-pollo-para-perro-adulto-mini-ultima-nature-1-25-kg-ultima/R-826217362/p
Mascotas,Carrefour Snakcs para Perro de Buey 1 unidad,"2,95 €","2,95 €/ud",https://www.carrefour.es/supermercado/purina-gourmet-gold-comida-humeda-para-gato-mousse-surtido-8x85g-gourmet-gold/R-550901871/p
Mascotas,Juguete para Gato Vitakraft Plumero,"1,61 €","1,61 €/ud",https://www.carrefour.es/supermercado/purina-gourmet-gold-comida-humeda-para-gato-mousse-surtido-8x85g-gourmet-gold/R-550901871/p
Mascotas,Comida para Conejillos de Indias 800 gr,"2,50 €","3,12 €/kg",https://www.carrefour.es/supermercado/purina-gourmet-comida-para-gato-gold-bocaditos-en-salsa-pollo-e-higado-85g-gourmet-gold/R-521013152/p
Mascotas,Pipeta Repelente Parásito para Gato Dixie,"7,95 €","7,95 €/ud",https://www.carrefour.es/supermercado/purina-gourmet-comida-para-gato-gold-bocaditos-en-salsa-pollo-e-higado-85g-gourmet-gold/R-521013152/p
Mascotas,Cat Yums Vitakraft Pollo con Hierba Gatera 40 gr,"1,79 €","44,75 €/kg",https://www.carrefour.es/supermercado/purina-one-gato-adulto-pollo-y-buey-4x85-grs-purina-one/R-prod770086/p
Mascotas,Pienso de pollo para perro Junior Purina Friskies Vitafit 3 Kg.,"7,45 €","2,48 €/kg",https://www.carrefour.es/supermercado/purina-one-gato-adulto-pollo-y-buey-4x85-grs-purina-one/R-prod770086/p
Mascotas,"Purina Friskies Pienso para Gato Adulto Buey, Pollo y Verduras 1,5Kg","3,79 €","2,53 €/kg",https://www.carrefour.es/supermercado/carrefour-snakcs-para-perro-de-buey-1-unidad-carrefour/R-prod880642/p
Mascotas,"Pienso de pavo fresco, verduras y frutas para perro adulto Ultima Nature No Grain Mini 1,1 Kg.","8,15 €","7,41 €/kg",https://www.carrefour.es/supermercado/carrefour-snakcs-para-perro-de-buey-1-unidad-carrefour/R-prod880642/p
Mascotas,Comida húmeda de buey y pato para perros Mini Purina One Active pack de 4 unidades de 100 g.,"2,35 €","5,87 €/kg",https://www.carrefour.es/supermercado/juguete-para-gato-vitakraft-plumero-vitakraft/R-720860755/p
Mascotas,Comida húmeda de pollo y cordero para perro adulto Mini Purina One 4x100 g.,"2,35 €","5,87 €/kg",https://www.carrefour.es/supermercado/juguete-para-gato-vitakraft-plumero-vitakraft/R-720860755/p
Mascotas,"Ultima Pienso para Gato Adulto Sabor salmón y arroz 1,5kg","7,40 €","4,93 €/kg",https://www.carrefour.es/supermercado/comida-para-conejillos-de-indias-800-gr-carrefour/R-720864278/p
Mascotas,Carrefour Comida Húmeda para Perro Adulto de Ave y Verduras 1250g,"0,95 €","0,76 €/kg",https://www.carrefour.es/supermercado/comida-para-conejillos-de-indias-800-gr-carrefour/R-720864278/p
Mascotas,"Purina Friskies Pienso para Gato Adulto Conejo, Pollo y Verduras 1,5Kg","3,85 €","2,57 €/kg",https://www.carrefour.es/supermercado/pipeta-repelente-parasito-para-gato-dixie-dixie/R-553302097/p
Mascotas,Snack dental para perro mediano Purina Dentalife Multipack 24 unidades,"7,40 €","0,31 €/ud",https://www.carrefour.es/supermercado/pipeta-repelente-parasito-para-gato-dixie-dixie/R-553302097/p
Mascotas,Galletas de jamón y queso para perro Purina Friskies Rolls 320 g.,"2,95 €","9,22 €/kg",https://www.carrefour.es/supermercado/cat-yums-vitakraft-pollo-con-hierba-gatera-40-gr-vitakraft/R-832204940/p
Mascotas,Toallitas húmedas con citronella y geranio para perros Vitakraft,"2,95 €","2,95 €/ud",https://www.carrefour.es/supermercado/cat-yums-vitakraft-pollo-con-hierba-gatera-40-gr-vitakraft/R-832204940/p
Mascotas,Pack de 2 Barritas para Canarios de Huevo y Semillas Vitakraft 54 gr,"1,70 €","15,74 €/ud",https://www.carrefour.es/supermercado/pienso-de-pollo-para-perro-junior-purina-friskies-vitafit-3-kg-friskies/R-720861233/p
Mascotas,Carrefour Croquetas para Perro Cachorro de Buey 4Kg,"4,90 €","1,22 €/kg",https://www.carrefour.es/supermercado/pienso-de-pollo-para-perro-junior-purina-friskies-vitafit-3-kg-friskies/R-720861233/p
Mascotas,Vitakraft Rings Alfafa para Roedores 300g,"2,38 €","7,93 €/kg",https://www.carrefour.es/supermercado/vitakraft-rings-alfafa-para-roedores-300g-vitakraft/R-553703604/p
Mascotas,Purina ONE Bifensis Pienso para Gato Junior Pollo Y Cereales 450g,"2,40 €","5,33 €/kg",https://www.carrefour.es/supermercado/vitakraft-rings-alfafa-para-roedores-300g-vitakraft/R-553703604/p
Mascotas,Purina ONE Bifensis Pienso para Gatos Esterilizados Buey y Trigo 800g,"3,89 €","4,86 €/kg",https://www.carrefour.es/supermercado/promocion?promoId=promof2530145
Mascotas,Purina ONE Bifensis Pienso para Gato Pelaje y Bolas de pelo Pollo y Cereales 800g,"3,85 €","4,81 €/kg",https://www.carrefour.es/supermercado/purina-one-bifensis-pienso-para-gato-junior-pollo-y-cereales-450g-one/R-550901637/p
Mascotas,Snack dental para perro mini Purina Dentalife 207 g. 21 unidades,"4,80 €","4,80 €/ud",https://www.carrefour.es/supermercado/purina-one-bifensis-pienso-para-gato-junior-pollo-y-cereales-450g-one/R-550901637/p
Mascotas,Carrefour Gammarus Comida para Tortugas 25g,"1,98 €","7,92 €/kg",https://www.carrefour.es/supermercado/purina-one-bifensis-pienso-para-gatos-esterilizados-buey-y-trigo-800g-one/R-798482523/p
Mascotas,Vitakraft Barritas para Conejos Enanos de Miel 2 uds,"2,20 €","1,10 €/ud",https://www.carrefour.es/supermercado/purina-one-bifensis-pienso-para-gatos-esterilizados-buey-y-trigo-800g-one/R-798482523/p
Mascotas,Bastones de Zanahoria para Conejos Enanos 50 grs,"1,99 €","39,80 €/kg",https://www.carrefour.es/supermercado/purina-one-bifensis-pienso-para-gato-pelaje-y-bolas-de-pelo-pollo-y-cereales-800g-one/R-798482535/p
Mascotas,Vita verde heno + Diente de león Vitakraft 500g,"6,95 €","13,90 €/ud",https://www.carrefour.es/supermercado/purina-one-bifensis-pienso-para-gato-pelaje-y-bolas-de-pelo-pollo-y-cereales-800g-one/R-798482535/p
Mascotas,Desodorante suavizante Champú 2en1 para perros Dixie 750 Ml,"5,42 €","7,23 €/l",https://www.carrefour.es/supermercado/snack-dental-para-perro-mini-purina-dentalife-207-g-21-unidades/R-prod770087/p
Mascotas,Collar insecticida para perro blanco Dixie,"4,00 €","4,00 €/ud",https://www.carrefour.es/supermercado/snack-dental-para-perro-mini-purina-dentalife-207-g-21-unidades/R-prod770087/p
Mascotas,Bocaditos de carne para perro Vitakraft Treaties Bits 120 g.,"2,80 €","23,33 €/kg",https://www.carrefour.es/supermercado/carrefour-gammarus-comida-para-tortugas-25g-carrefour/R-720860537/p
Mascotas,Heno Vitakraft Vita Verde Efecto Prados,"5,95 €","5,95 €/kg",https://www.carrefour.es/supermercado/carrefour-gammarus-comida-para-tortugas-25g-carrefour/R-720860537/p
Mascotas,Whiskas Multipack de 4 Bolsitas para Gatos Adultos Selección de Pescados 100gr,"1,81 €","4,52 €/kg",https://www.carrefour.es/supermercado/promocion?promoId=promof2530144
Mascotas,Whiskas Multipack de 4 Bolsitas para Gatos Adultos Selección de Carnes 100gr,"1,81 €","4,52 €/kg",https://www.carrefour.es/supermercado/vitakraft-barritas-para-conejos-enanos-de-miel-2-uds-vitakraft/R-553703584/p
Mascotas,Pienso de pollo y arroz para perro Junior Mini Purina One 800 g.,"3,40 €","4,25 €/kg",https://www.carrefour.es/supermercado/vitakraft-barritas-para-conejos-enanos-de-miel-2-uds-vitakraft/R-553703584/p
Mascotas,Pienso de buey para adulto Medium Maxi Ultima 3 Kg.,"10,35 €","3,45 €/kg",https://www.carrefour.es/supermercado/promocion?promoId=promof2530145
Mascotas,Purina Gourmet Nature's Creations comida húmeda para gato rico en pollo 85 g.,"1,30 €","15,29 €/kg",https://www.carrefour.es/supermercado/bastones-de-zanahoria-para-conejos-enanos-50-grs-vitakraft/R-553703606/p
Mascotas,Snack dental para perro pequeño Purina Friskies fresh 110 g.,"2,29 €","20,82 €/kg",https://www.carrefour.es/supermercado/bastones-de-zanahoria-para-conejos-enanos-50-grs-vitakraft/R-553703606/p
Mascotas,Menú ProVita Agapornis 750 gr Vitakraft,"5,90 €","7,87 €/kg",https://www.carrefour.es/supermercado/promocion?promoId=promof2530145
Mascotas,Carrefour Comida para Pájaros Exóticos 1Kg,"1,95 €","2,50 €/kg",https://www.carrefour.es/supermercado/vita-verde-heno-diente-de-leon-vitakraft-500g/R-VC4AECOMM-500476/p
Mascotas,Galletas para Roedores,"1,99 €","1,95 €/ud",https://www.carrefour.es/supermercado/vita-verde-heno-diente-de-leon-vitakraft-500g/R-VC4AECOMM-500476/p
Mascotas,Virutas Roedores Vitakraft 14 l,"4,00 €","0,14 €/l",https://www.carrefour.es/supermercado/promocion?promoId=promof2530138
Mascotas,Champú espuma seca para gatos SanDimas 200 ml,"4,75 €","4,75 €/ud",https://www.carrefour.es/supermercado/champu-espuma-seca-para-gatos-sandimas-200-ml/R-VC4AECOMM-501662/p
Mascotas,Carrefour Multicroquetas para Perro Adulto de Buey 4Kg,"3,80 €","0,95 €/kg",https://www.carrefour.es/supermercado/champu-espuma-seca-para-gatos-sandimas-200-ml/R-VC4AECOMM-501662/p
Mascotas,Snack para Gato Vitakraaft Stick Mini Pato,"1,05 €","0,35 €/ud",https://www.carrefour.es/supermercado/carrefour-multicroquetas-para-perro-adulto-de-buey-4kg-carrefour/R-521007867/p
Mascotas,Collar insectifugo para perro marrón Dixie,"4,15 €","4,15 €/ud",https://www.carrefour.es/supermercado/carrefour-multicroquetas-para-perro-adulto-de-buey-4kg-carrefour/R-521007867/p
Mascotas,Barritas para Canarios Vitakraft Fruta 2 Uds,"1,40 €","0,70 €/ud",https://www.carrefour.es/supermercado/snack-para-gato-vitakraaft-stick-mini-pato-vitakraft/R-550901863/p
Mascotas,Pienso de buey y pescado para perro adulto Purina Friskies Vitafit omega,"6,20 €","2,07 €/kg",https://www.carrefour.es/supermercado/snack-para-gato-vitakraaft-stick-mini-pato-vitakraft/R-550901863/p
Mascotas,"Purina Friskies Pienso para Gato Adulto Atún y Verduras 1,5Kg","3,79 €","2,53 €/kg",https://www.carrefour.es/supermercado/collar-insectifugo-para-perro-marron-dixie-dixie/R-720868158/p
Mascotas,"Purina Friskies Pienso para Gatos Esterilizados Gato Adulto Pavo y Verduras 1,5 Kg","4,35 €","2,90 €/kg",https://www.carrefour.es/supermercado/collar-insectifugo-para-perro-marron-dixie-dixie/R-720868158/p
Mascotas,Pienso de salmón para perro Medium Ultima Maxi Sensitive 3 Kg.,"12,95 €","4,32 €/kg",https://www.carrefour.es/supermercado/barritas-para-canarios-vitakraft-fruta-2-uds-vitakraft/R-830826888/p
Mascotas,Pienso de pollo para perro adulto Yorkshire Terrier Ultima 800 g.,"4,20 €","5,25 €/kg",https://www.carrefour.es/supermercado/barritas-para-canarios-vitakraft-fruta-2-uds-vitakraft/R-830826888/p
Mascotas,Ultima Pienso para Gato Adulto Esterilizado Sabor Salmón 800gr.,"4,19 €","5,24 €/kg",https://www.carrefour.es/supermercado/pienso-de-buey-y-pescado-para-perro-adulto-purina-friskies-vitafit-omega-friskies/R-720860627/p
Mascotas,Purina Felix Comida Húmeda para Gato Sensations Gelatinas Selección Surtido de Carnes 4x100g,"2,20 €","5,50 €/kg",https://www.carrefour.es/supermercado/pienso-de-buey-y-pescado-para-perro-adulto-purina-friskies-vitafit-omega-friskies/R-720860627/p
Mascotas,Snacks dental para perro mediano Purina Dentalife Multipack 42 unidades,"13,25 €","0,32 €/ud",https://www.carrefour.es/supermercado/purina-friskies-pienso-para-gato-adulto-atun-y-verduras-1-5kg-friskies/R-521007734/p
Mascotas,Carrefour Snacks para Perro de Pollo 80g,"1,95 €","0,49 €/ud",https://www.carrefour.es/supermercado/purina-friskies-pienso-para-gato-adulto-atun-y-verduras-1-5kg-friskies/R-521007734/p
Mascotas,Carrefour Champú para Perro Uso Frecuente 250ml,"3,49 €","13,96 €/l",https://www.carrefour.es/supermercado/purina-friskies-pienso-para-gatos-esterilizados-gato-adulto-pavo-y-verduras-1-5-kg-friskies/R-prod231273/p
Mascotas,"Champú de Espuma para Gatos Pelo Seco 150 Ml, Carrefour","4,25 €","28,33 €/l",https://www.carrefour.es/supermercado/purina-friskies-pienso-para-gatos-esterilizados-gato-adulto-pavo-y-verduras-1-5-kg-friskies/R-prod231273/p
Mascotas,Pack bolsas higiénicas pack 24X20 + hueso dispensador,"11,95 €","0,50 €/ud",https://www.carrefour.es/supermercado/pienso-de-salmon-para-perro-medium-ultima-maxi-sensitive-3-kg-ultima/R-fprod1190602/p
Mascotas,Piedra Mineral para Roedores,"1,95 €","1,95 €/ud",https://www.carrefour.es/supermercado/pienso-de-salmon-para-perro-medium-ultima-maxi-sensitive-3-kg-ultima/R-fprod1190602/p
Mascotas,"Galletas para Pájaros, Carrefour","1,50 €","1,50 €/ud",https://www.carrefour.es/supermercado/pienso-de-pollo-para-perro-adulto-yorkshire-terrier-ultima-800-g-ultima/R-804323379/p
Mascotas,Menú para Canarios Vitakraft 500 gr,"1,74 €","3,48 €/kg",https://www.carrefour.es/supermercado/pienso-de-pollo-para-perro-adulto-yorkshire-terrier-ultima-800-g-ultima/R-804323379/p
Mascotas,Menu Aroma para Conejos Enanos 5 kg,"12,30 €","2,46 €/kg",https://www.carrefour.es/supermercado/ultima-pienso-para-gato-adulto-esterilizado-sabor-salmon-800gr-ultima/R-prod301504/p
Mascotas,Collar insectifugo para perro negro Dixie,"4,20 €","4,20 €/ud",https://www.carrefour.es/supermercado/ultima-pienso-para-gato-adulto-esterilizado-sabor-salmon-800gr-ultima/R-prod301504/p
Mascotas,Purina Gourmet Nature's Creations comida húmeda para gato rico en pescado del océano 85 g.,"1,30 €","15,29 €/kg",https://www.carrefour.es/supermercado/purina-felix-comida-humeda-para-gato-sensations-gelatinas-seleccion-surtido-de-carnes-4x100g-felix/R-826004279/p
Mascotas,Gourmet Gold Fondant Pollo 85 grs,"0,69 €","8,12 €/kg",https://www.carrefour.es/supermercado/purina-felix-comida-humeda-para-gato-sensations-gelatinas-seleccion-surtido-de-carnes-4x100g-felix/R-826004279/p
Mascotas,Snack dental para perros Mini Total Dent Brekkies 110g,"2,40 €","21,82 €/kg",https://www.carrefour.es/supermercado/snack-dental-para-perros-mini-total-dent-brekkies-110g-brekkies/R-720860585/p
Mascotas,Peine cortanudos para perro Spayk,"7,95 €","7,95 €/ud",https://www.carrefour.es/supermercado/snack-dental-para-perros-mini-total-dent-brekkies-110g-brekkies/R-720860585/p
Mascotas,Barritas para Periquitos Vitakraft Kiwi 2 Uds,"1,47 €","0,73 €/ud",https://www.carrefour.es/supermercado/peine-cortanudos-para-perro-spayk/R-prod880299/p
Mascotas,Vitakraft Barritas para Conejo de Indias con Frutas 2 uds,"2,20 €","1,10 €/ud",https://www.carrefour.es/supermercado/peine-cortanudos-para-perro-spayk/R-prod880299/p
Mascotas,Comida húmeda para perro Mini Senior Ultima 150 g.,"1,08 €","7,20 €/kg",https://www.carrefour.es/supermercado/barritas-para-periquitos-vitakraft-kiwi-2-uds-vitakraft/R-830826745/p
Mascotas,Carrefour Comida para Granívoros 1Kg,"2,75 €","2,75 €/kg",https://www.carrefour.es/supermercado/barritas-para-periquitos-vitakraft-kiwi-2-uds-vitakraft/R-830826745/p
Mascotas,"Nutricroquetas para Gato 2 Kg, Carrefour","2,55 €","1,27 €/kg",https://www.carrefour.es/supermercado/vitakraft-barritas-para-conejo-de-indias-con-frutas-2-uds-vitakraft/R-720861377/p
Mascotas,2 Bolas de Plástico y 2 Bolas de Goma para Gato Vitalkraft,"1,97 €","1,97 €/ud",https://www.carrefour.es/supermercado/vitakraft-barritas-para-conejo-de-indias-con-frutas-2-uds-vitakraft/R-720861377/p
Mascotas,Crema de Leche Vitakraft con Queso para Gatos 70gr,"1,75 €","25,00 €/kg",https://www.carrefour.es/supermercado/promocion?promoId=promof2530145
Mascotas,Spray Gatos Vitakraft Catnip 50 ml,"2,49 €","49,80 €/l",https://www.carrefour.es/supermercado/comida-humeda-para-perro-mini-senior-ultima-150-g-ultima/R-720863249/p
Mascotas,Comida húmeda de pollo y buey para perro adulto Mini Purina One pack 4 unidades de 100 g.,"2,30 €","5,75 €/kg",https://www.carrefour.es/supermercado/comida-humeda-para-perro-mini-senior-ultima-150-g-ultima/R-720863249/p
Mascotas,Purina ONE Bifensis Pienso para Gatos Esterilizados Pollo y Trigo 3Kg,"13,35 €","4,45 €/kg",https://www.carrefour.es/supermercado/carrefour-comida-para-granivoros-1kg-carrefour/R-720864266/p
Mascotas,Comida húmeda para perro Mini Purina One Weight Control pack de 4 unidades de 100 g.,"2,30 €","5,75 €/kg",https://www.carrefour.es/supermercado/carrefour-comida-para-granivoros-1kg-carrefour/R-720864266/p
Mascotas,Purina One Indoor Gato Ternera y Atún 4x85 grs,"3,25 €","9,56 €/kg",https://www.carrefour.es/supermercado/nutricroquetas-para-gato-2-kg-carrefour-carrefour/R-521007742/p
Mascotas,Snack para perro Vitakraft panza seca,"3,05 €","3,05 €/ud",https://www.carrefour.es/supermercado/nutricroquetas-para-gato-2-kg-carrefour-carrefour/R-521007742/p
Mascotas,Collar Repelente de Parásitos para Gato y Cachorro Dixie,"5,00 €","5,00 €/ud",https://www.carrefour.es/supermercado/2-bolas-de-plastico-y-2-bolas-de-goma-para-gato-vitalkraft-vitakraft/R-720868224/p
Mascotas,Snacks de pollo para perro Quérico 3 unidades,"4,19 €","1,40 €/ud",https://www.carrefour.es/supermercado/2-bolas-de-plastico-y-2-bolas-de-goma-para-gato-vitalkraft-vitakraft/R-720868224/p
Mascotas,Vitakraft Catnip Natural Gatos 20 gr,"1,95 €","97,50 €/kg",https://www.carrefour.es/supermercado/crema-de-leche-vitakraft-con-queso-para-gatos-70gr-vitakraft/R-799715458/p
Mascotas,Pienso de aves y verduras para perro adulto Purina Dog Menú 15 Kg.,"17,80 €","1,19 €/kg",https://www.carrefour.es/supermercado/crema-de-leche-vitakraft-con-queso-para-gatos-70gr-vitakraft/R-799715458/p
Mascotas,Arenero con Borde Protector para Gatos,"9,95 €","9,95 €/ud",https://www.carrefour.es/supermercado/spray-gatos-vitakraft-catnip-50-ml-vitakraft/R-prod880510/p
Mascotas,Braky Huesitos Rellenos 200 grs,"3,50 €","17,50 €/kg",https://www.carrefour.es/supermercado/spray-gatos-vitakraft-catnip-50-ml-vitakraft/R-prod880510/p
Mascotas,Snacks dental para perros medianos Pedigree Dentastix pack de 7 unidades,"3,15 €","17,50 €/kg",https://www.carrefour.es/supermercado/comida-humeda-de-pollo-y-buey-para-perro-adulto-mini-purina-one-pack-4-unidades-de-100-g-one-mini/R-prod231272/p
Mascotas,Pienso de buey para perro adulto Purina Friskies Vitafit Active 10 Kg.,"17,65 €","1,76 €/kg",https://www.carrefour.es/supermercado/comida-humeda-de-pollo-y-buey-para-perro-adulto-mini-purina-one-pack-4-unidades-de-100-g-one-mini/R-prod231272/p
Mascotas,Pienso de cordero y cebada integral para perro adulto Purina Beyond 3 Kg.,"14,75 €","4,92 €/kg",https://www.carrefour.es/supermercado/purina-one-bifensis-pienso-para-gatos-esterilizados-pollo-y-trigo-3kg-one/R-826004275/p
Mascotas,Snacks dental para perro grande Purina Dentalife Multipack 36 unidades,"13,25 €","0,37 €/ud",https://www.carrefour.es/supermercado/snacks-dental-para-perro-grande-purina-dentalife-multipack-36-unidades/R-VC4AECOMM-567633/p
Mascotas,Tetra Reptomin Energy Comida para Totugas Acuáticas 250 ml,"7,59 €","30,36 €/l",https://www.carrefour.es/supermercado/snacks-dental-para-perro-grande-purina-dentalife-multipack-36-unidades/R-VC4AECOMM-567633/p
Mascotas,Snack para perros Vitakraft Beef Burguer 18 g.,"0,95 €","52,78 €/kg",https://www.carrefour.es/supermercado/tetra-reptomin-energy-comida-para-totugas-acuaticas-250-ml-tetra/R-720861175/p
Mascotas,Comedero plegable silicona para mascotas SanDimas 15 cm,"2,95 €","2,95 €/ud",https://www.carrefour.es/supermercado/tetra-reptomin-energy-comida-para-totugas-acuaticas-250-ml-tetra/R-720861175/p
Mascotas,Champú repelente de insectos Dixie 350 Ml,"4,20 €","12,00 €/l",https://www.carrefour.es/supermercado/promocion?promoId=promof2530144
Mascotas,Cortauñas profesional para perros Spayk,"5,95 €","5,95 €/ud",https://www.carrefour.es/supermercado/snack-para-perros-vitakraft-beef-burguer-18-g/R-VC4AECOMM-492833/p
Mascotas,Snack dental para perro mediano Purina Dentalife Duraplus 197 g. 4 unidades,"3,25 €","16,50 €/kg",https://www.carrefour.es/supermercado/snack-para-perros-vitakraft-beef-burguer-18-g/R-VC4AECOMM-492833/p
Mascotas,Snack dental para perro grande Purina Dentalife Duraplus 243 g. 3 unidades,"3,25 €","13,37 €/kg",https://www.carrefour.es/supermercado/comedero-plegable-silicona-para-mascotas-sandimas-15-cm/R-VC4AECOMM-501640/p
Mascotas,"Pienso de buey para perro Purina Beyond 1,2 Kg.","7,95 €","6,62 €/kg",https://www.carrefour.es/supermercado/comedero-plegable-silicona-para-mascotas-sandimas-15-cm/R-VC4AECOMM-501640/p
Mascotas,"Ultima Pienso para GatoAdultos Sabor Pollo y Arroz 1,5kg.","7,20 €","4,80 €/kg",https://www.carrefour.es/supermercado/champu-repelente-de-insectos-dixie-350-ml-dixie/R-553302025/p
Mascotas,Carrefour Snacks para Perro de Piel de Buey,"2,95 €","2,95 €/ud",https://www.carrefour.es/supermercado/champu-repelente-de-insectos-dixie-350-ml-dixie/R-553302025/p
Mascotas,Snack dental para perros Maxi Total Dent Brekkies 270 g.,"2,99 €","11,07 €/kg",https://www.carrefour.es/supermercado/cortaunas-profesional-para-perros-spayk-nd/R-836507073/p
Mascotas,Snack dental para perro Medium Interdental Ultima 210g,"3,09 €","14,71 €/kg",https://www.carrefour.es/supermercado/cortaunas-profesional-para-perros-spayk-nd/R-836507073/p
Mascotas,Comida húmeda de buey para perro Mini Senior Ultima 150 g.,"1,12 €","7,47 €/kg",https://www.carrefour.es/supermercado/snack-dental-para-perro-mediano-purina-dentalife-duraplus-197-g-4-unidades/R-VC4AECOMM-213561/p
Mascotas,Alimento para Peces Tetragoldfish Escama 1 L,"11,65 €","11,65 €/l",https://www.carrefour.es/supermercado/snack-dental-para-perro-mediano-purina-dentalife-duraplus-197-g-4-unidades/R-VC4AECOMM-213561/p
Mascotas,Vitakraft Barritas para Periquitos de Miel 2 uds,"1,47 €","0,73 €/ud",https://www.carrefour.es/supermercado/snack-dental-para-perro-grande-purina-dentalife-duraplus-243-g-3-unidades/R-VC4AECOMM-213651/p
Mascotas,Crema de Leche Vitakraft para Gatos 70gr,"1,75 €","25,00 €/kg",https://www.carrefour.es/supermercado/snack-dental-para-perro-grande-purina-dentalife-duraplus-243-g-3-unidades/R-VC4AECOMM-213651/p
Mascotas,Pienso de pollo con arroz para perro adulto Purina Beyond Bio 700 g.,"6,95 €","9,93 €/kg",https://www.carrefour.es/supermercado/pienso-de-buey-para-perro-purina-beyond-1-2-kg/R-VC4AECOMM-213635/p
Mascotas,"Pienso de buey, verduras y cereales para perros Brekkies Excel 10 Kg.","17,95 €","1,79 €/kg",https://www.carrefour.es/supermercado/pienso-de-buey-para-perro-purina-beyond-1-2-kg/R-VC4AECOMM-213635/p
Mascotas,"Ultima Pienso para Gato control bolas de pelo Sabor Pavo 1,5kg","7,85 €","5,23 €/kg",https://www.carrefour.es/supermercado/HuchaPromocion?promoId=huchaDisc420150
Mascotas,Purina Gourmet Gold Comida Húmeda para Gato Doble Placer Pescado del Oceano 85g,"0,69 €","8,12 €/kg",https://www.carrefour.es/supermercado/ultima-pienso-para-gatoadultos-sabor-pollo-y-arroz-1-5kg-ultima/R-521007714/p
Mascotas,Purina Gourmet Gold Comida para Gato Húmeda Tarrine Conejo 85g,"0,69 €","8,12 €/kg",https://www.carrefour.es/supermercado/ultima-pienso-para-gatoadultos-sabor-pollo-y-arroz-1-5kg-ultima/R-521007714/p
Mascotas,Tetra Aquasafe 250 ml,"10,20 €","40,80 €/l",https://www.carrefour.es/supermercado/carrefour-snacks-para-perro-de-piel-de-buey-carrefour/R-prod880637/p
Mascotas,Tetra Plantamin 100 ml,"4,79 €","47,90 €/l",https://www.carrefour.es/supermercado/carrefour-snacks-para-perro-de-piel-de-buey-carrefour/R-prod880637/p
Mascotas,Comida para Hervíboros 3kg,"6,95 €","2,32 €/kg",https://www.carrefour.es/supermercado/comida-para-herviboros-3kg-carrefour/R-720864312/p
Mascotas,Carrefour Comida para Chinchillas 800g,"2,50 €","3,12 €/kg",https://www.carrefour.es/supermercado/comida-para-herviboros-3kg-carrefour/R-720864312/p
Mascotas,Champú espuma seca para perros cachorros SanDimas 200 ml,"4,75 €","4,75 €/ud",https://www.carrefour.es/supermercado/carrefour-comida-para-chinchillas-800g-carrefour/R-720864344/p
Mascotas,Snack dental para perro pequeño Purina Dentalife Duraplus 170 g. 5 unidades,"3,25 €","19,12 €/kg",https://www.carrefour.es/supermercado/carrefour-comida-para-chinchillas-800g-carrefour/R-720864344/p
Mascotas,Whiskas Multipack de 4 Bolsitas para Gatos Adultos Selección de Aves 100gr,"1,86 €","4,65 €/kg",https://www.carrefour.es/supermercado/champu-espuma-seca-para-perros-cachorros-sandimas-200-ml/R-VC4AECOMM-501660/p
Mascotas,Snacks dental para perro pequeño Purina Dentalife Multipack 54 unidades,"13,25 €","0,25 €/ud",https://www.carrefour.es/supermercado/champu-espuma-seca-para-perros-cachorros-sandimas-200-ml/R-VC4AECOMM-501660/p
Mascotas,Carrefour Snacks para Perro,"5,95 €","5,95 €/ud",https://www.carrefour.es/supermercado/snack-dental-para-perro-pequeno-purina-dentalife-duraplus-170-g-5-unidades/R-VC4AECOMM-213633/p
Mascotas,Carrefour Comida Granulada para Carpines Dorados 100g,"2,89 €","28,90 €/kg",https://www.carrefour.es/supermercado/snack-dental-para-perro-pequeno-purina-dentalife-duraplus-170-g-5-unidades/R-VC4AECOMM-213633/p
Mascotas,Carrefour Champú para Perro Anticaída 250ml,"3,49 €","13,96 €/l",https://www.carrefour.es/supermercado/whiskas-multipack-de-4-bolsitas-para-gatos-adultos-seleccion-de-aves-100gr-whiskas/R-829041929/p
Mascotas,Pipetas para perro grande con acción repelente Dixie,"8,95 €","4,47 €/ud",https://www.carrefour.es/supermercado/whiskas-multipack-de-4-bolsitas-para-gatos-adultos-seleccion-de-aves-100gr-whiskas/R-829041929/p
Mascotas,Vitakraft Barritas para Periquitos Energía 2 uds,"1,47 €","0,73 €/ud",https://www.carrefour.es/supermercado/snacks-dental-para-perro-pequeno-purina-dentalife-multipack-54-unidades/R-VC4AECOMM-567637/p
Mascotas,Tetra Crystalwater 100 ml,"5,95 €","59,50 €/l",https://www.carrefour.es/supermercado/snacks-dental-para-perro-pequeno-purina-dentalife-multipack-54-unidades/R-VC4AECOMM-567637/p
Mascotas,Barritas para aves de huevo y cereales SanDimas 90 g.,"1,75 €","1,75 €/ud",https://www.carrefour.es/supermercado/carrefour-snacks-para-perro-carrefour/R-prod880643/p
Mascotas,Menú para Periquitos Vitakraft Premium Life 800 gr,"3,81 €","4,76 €/kg",https://www.carrefour.es/supermercado/carrefour-snacks-para-perro-carrefour/R-prod880643/p
Mascotas,Purina ONE Pienso para Gato Adulto Esterilizado Salmón y Trigo 3Kg,"13,35 €","4,45 €/kg",https://www.carrefour.es/supermercado/carrefour-comida-granulada-para-carpines-dorados-100g-carrefour/R-720860527/p
Mascotas,Snack dental para perros Mini Brekkies Total Dent 440 g.,"8,90 €","20,23 €/kg",https://www.carrefour.es/supermercado/carrefour-comida-granulada-para-carpines-dorados-100g-carrefour/R-720860527/p
Mascotas,Cepillo Nylon Roedores Spuck,"3,95 €","3,95 €/ud",https://www.carrefour.es/supermercado/promocion?promoId=promof2530144
Mascotas,Pienso de pollo para perros cachorros Mini Ultima 800 g.,"4,30 €","5,37 €/kg",https://www.carrefour.es/supermercado/carrefour-champu-para-perro-anticaida-250ml-carrefour/R-720860539/p
Mascotas,Purina Felix Comida Húmeda para Gato Fantastic Festín Gelatina Selección Surtido de Pescados 4x100g,"2,00 €","5,00 €/kg",https://www.carrefour.es/supermercado/carrefour-champu-para-perro-anticaida-250ml-carrefour/R-720860539/p
Mascotas,Snack dental para perros Total Dent Excel Brekkies 180 g.,"2,50 €","13,89 €/kg",https://www.carrefour.es/supermercado/pipetas-para-perro-grande-con-accion-repelente-dixie-dixie/R-553301659/p
Mascotas,Tetragammarus 1 L,"12,50 €","12,50 €/l",https://www.carrefour.es/supermercado/pipetas-para-perro-grande-con-accion-repelente-dixie-dixie/R-553301659/p
Mascotas,Barritas para Loro Africano Vitakraft Miel,"4,00 €","4,00 €/ud",https://www.carrefour.es/supermercado/vitakraft-barritas-para-periquitos-energia-2-uds-vitakraft/R-553703590/p
Mascotas,Paja Vitakraft 30L,"4,50 €","0,15 €/l",https://www.carrefour.es/supermercado/vitakraft-barritas-para-periquitos-energia-2-uds-vitakraft/R-553703590/p
Mascotas,Vitakraft Arena para Chinchilla Sandy 1Kg,"7,00 €","7,00 €/kg",https://www.carrefour.es/supermercado/tetra-crystalwater-100-ml-tetra/R-720864159/p
Mascotas,Snacks para perros grandes Pedigree Dentastix fresh pack de 7 unidades de 270 g.,"4,48 €","16,59 €/kg",https://www.carrefour.es/supermercado/snacks-para-perros-grandes-pedigree-dentastix-fresh-pack-de-7-unidades-de-270-g-pedigree/R-800757967/p
Mascotas,Purina Beyond Grain Free Comida Seca para Gato Pollo 700 grs,"5,30 €","7,57 €/kg",https://www.carrefour.es/supermercado/snacks-para-perros-grandes-pedigree-dentastix-fresh-pack-de-7-unidades-de-270-g-pedigree/R-800757967/p
Mascotas,Pienso de pescado y avena para perro Purina Beyond 3Kg,"12,95 €","4,32 €/kg",https://www.carrefour.es/supermercado/purina-beyond-grain-free-comida-seca-para-gato-pollo-700-grs/R-VC4AECOMM-213558/p
Mascotas,Pienso de pollo y cereales para perros Brekkies 10 Kg.,"17,95 €","1,79 €/kg",https://www.carrefour.es/supermercado/purina-beyond-grain-free-comida-seca-para-gato-pollo-700-grs/R-VC4AECOMM-213558/p
Mascotas,Menú Provita para Cotorras 750 gr,"4,95 €","6,60 €/kg",https://www.carrefour.es/supermercado/HuchaPromocion?promoId=huchaDisc420150
Mascotas,Menú Provita para Loros 750 gr Vita,"4,95 €","6,60 €/ud",https://www.carrefour.es/supermercado/pienso-de-pescado-y-avena-para-perro-purina-beyond-3kg/R-VC4AECOMM-488328/p
Mascotas,Arnés para Conejos Vitakraft,"4,95 €","4,95 €/ud",https://www.carrefour.es/supermercado/pienso-de-pescado-y-avena-para-perro-purina-beyond-3kg/R-VC4AECOMM-488328/p
Mascotas,Tetramin Escamas 250 ml,"6,95 €","27,80 €/l",https://www.carrefour.es/supermercado/pienso-de-pollo-y-cereales-para-perros-brekkies-10-kg-brekkies/R-521032878/p
Mascotas,Tetragammarus 500 ml,"7,65 €","15,30 €/l",https://www.carrefour.es/supermercado/pienso-de-pollo-y-cereales-para-perros-brekkies-10-kg-brekkies/R-521032878/p
Mascotas,Menú Gato Purina One® Esterilizado Rico en Buey y Trigo 3Kg,"13,35 €","4,45 €/kg",https://www.carrefour.es/supermercado/menu-provita-para-cotorras-750-gr-vitakraft/R-860400353/p
Mascotas,Tetra Reptomin Comida para Tortugas Acuáticas 1L/220g,"21,90 €","99,55 €/kg",https://www.carrefour.es/supermercado/menu-provita-para-cotorras-750-gr-vitakraft/R-860400353/p
Mascotas,"Comida para Herbívoros 1,2 kg","2,95 €","2,46 €/kg",https://www.carrefour.es/supermercado/promocion?promoId=promof2530162
Mascotas,Tetra Easy-Balance 250 ml,"10,85 €","43,40 €/l",https://www.carrefour.es/supermercado/menu-provita-para-loros-750-gr-vita-vitakraft/R-860400355/p
Mascotas,Solución antiparasitaria Dixie 500 ml,"7,95 €","15,90 €/l",https://www.carrefour.es/supermercado/menu-provita-para-loros-750-gr-vita-vitakraft/R-860400355/p
Mascotas,Carda Roedores Spuk Puntasoft,"4,95 €","4,95 €/ud",https://www.carrefour.es/supermercado/promocion?promoId=promof2530162
Mascotas,Purina Gourmet Gold comida para gato húmeda tartalette surtido 24x85g,"12,50 €","0,52 €/ud",https://www.carrefour.es/supermercado/arnes-para-conejos-vitakraft-vitakraft/R-720860767/p
Mascotas,Dafnias para Capines Dorados 35 gr,"2,40 €","6,86 €/kg",https://www.carrefour.es/supermercado/arnes-para-conejos-vitakraft-vitakraft/R-720860767/p
Mascotas,Snack Perro Duo Barritas 100 gr,"0,75 €","7,50 €/kg",https://www.carrefour.es/supermercado/tetramin-escamas-250-ml-tetra/R-553703546/p
Mascotas,Vitakraft Menu Iguanas Turtle Special 1l,"12,19 €","12,19 €/l",https://www.carrefour.es/supermercado/tetramin-escamas-250-ml-tetra/R-553703546/p
Mascotas,Tetrapond Sticks 1 L,"5,20 €","5,20 €/l",https://www.carrefour.es/supermercado/promocion?promoId=promof2530144
Mascotas,Tetrareptomin Joven 100 ml,"3,79 €","145,77 €/kg",https://www.carrefour.es/supermercado/tetragammarus-500-ml/R-553703566/p
Mascotas,2 Pipetas de Insecticida para Perro Grande Dixie 20-40Kg,"12,50 €","6,25 €/ud",https://www.carrefour.es/supermercado/tetragammarus-500-ml/R-553703566/p
Mascotas,Pipetas permetrina para perro grande (15-60Kg) Dixie 3X2 ml,"14,80 €","14.800,00 €/ud",https://www.carrefour.es/supermercado/promocion?promoId=promof2530144
Mascotas,Cortauñas Roedores Spuck,"4,95 €","4,95 €/ud",https://www.carrefour.es/supermercado/menu-gato-purina-one-esterilizado-rico-en-buey-y-trigo-3kg-one/R-720861439/p
La-despensa,Leche semidesnatada Carrefour brik 1l.,"0,99 €","0,56 €/l",https://www.carrefour.es/supermercado/leche-semidesnatada-carrefour-brik-1l-carrefour/R-521007071/p
La-despensa,Tomate frito Carrefour pack de 3 briks de 390 g.,"0,69 €","0,85 €/kg",https://www.carrefour.es/supermercado/leche-semidesnatada-carrefour-brik-1l-carrefour/R-521007071/p
La-despensa,Garbanzo cocido categoría extra Carrefour 400 g.,"2,99 €","1,73 €/kg",https://www.carrefour.es/supermercado/tomate-frito-carrefour-pack-de-3-briks-de-390-g-carrefour/R-767407262/p
La-despensa,Leche entera Carrefour brik 1l.,"1,14 €","0,56 €/l",https://www.carrefour.es/supermercado/tomate-frito-carrefour-pack-de-3-briks-de-390-g-carrefour/R-767407262/p
La-despensa,Huevos camperos Pazo de Vilane 12 ud.,"0,73 €","2,99 €/docena",https://www.carrefour.es/supermercado/garbanzo-cocido-categoria-extra-carrefour-400-g-carrefour/R-521005495/p
La-despensa,"Azúcar blanco Azucarera 1,5 kg.","0,99 €","0,76 €/kg",https://www.carrefour.es/supermercado/garbanzo-cocido-categoria-extra-carrefour-400-g-carrefour/R-521005495/p
La-despensa,Macarrones Carrefour 1 kg.,"5,11 €","0,73 €/kg",https://www.carrefour.es/supermercado/leche-entera-carrefour-brik-1l-carrefour/R-521006992/p
La-despensa,Aceite de girasol Carrefour 1 l.,"0,45 €","0,99 €/l",https://www.carrefour.es/supermercado/leche-entera-carrefour-brik-1l-carrefour/R-521006992/p
La-despensa,Atún claro en aceite de oliva Carrefour pack de 8 latas de 52 g.,"0,79 €","12,28 €/kg",https://www.carrefour.es/supermercado/huevos-camperos-pazo-de-vilane-12-ud-pazo-de-vilane/R-527054495/p
La-despensa,Leche desnatada Carrefour brik 1L.,"1,92 €","0,56 €/l",https://www.carrefour.es/supermercado/huevos-camperos-pazo-de-vilane-12-ud-pazo-de-vilane/R-527054495/p
La-despensa,Tomate triturado Carrefour lata de 390 g.,"1,52 €","1,12 €/kg",https://www.carrefour.es/supermercado/azucar-blanco-azucarera-1-5-kg-azucarera/R-818615348/p
La-despensa,Arroz categoría primera Carrefour 1 kg.,"3,30 €","0,79 €/kg",https://www.carrefour.es/supermercado/azucar-blanco-azucarera-1-5-kg-azucarera/R-818615348/p
La-despensa,Atún claro en aceite de oliva Carrefour pack de 3 latas de 52 g.,"1,32 €","12,31 €/kg",https://www.carrefour.es/supermercado/macarrones-carrefour-1-kg-carrefour/R-544501833/p
La-despensa,Arroz redondo Sos 1 kg.,"0,73 €","1,52 €/kg",https://www.carrefour.es/supermercado/macarrones-carrefour-1-kg-carrefour/R-544501833/p
La-despensa,Atún claro al natural Carrefour pack de 6 latas de 56 g.,"0,79 €","9,82 €/kg",https://www.carrefour.es/supermercado/aceite-de-girasol-carrefour-1-l-carrefour/R-521009768/p
La-despensa,Nata para cocinar Carrefour pack de 3 unidades de 200 ml.,"3,26 €","2,20 €/l",https://www.carrefour.es/supermercado/aceite-de-girasol-carrefour-1-l-carrefour/R-521009768/p
La-despensa,Espaguetis Carrefour 1 kg.,"2,89 €","0,73 €/kg",https://www.carrefour.es/supermercado/atun-claro-en-aceite-de-oliva-carrefour-pack-de-8-latas-de-52-g-carrefour/R-prod820096/p
La-despensa,Leche entera Central Lechera Asturiana brik 1 l.,"0,93 €","0,79 €/l",https://www.carrefour.es/supermercado/atun-claro-en-aceite-de-oliva-carrefour-pack-de-8-latas-de-52-g-carrefour/R-prod820096/p
La-despensa,Caldo casero de pollo Gallina Blanca sin gluten y sin lactosa pack de 2 briks de 1 l.,"1,99 €","1,63 €/l",https://www.carrefour.es/supermercado/leche-desnatada-carrefour-brik-1l-carrefour/R-521007093/p
La-despensa,Huevos L camperos Calidad y Origen Carrefour 12 ud.,"1,59 €","2,89 €/docena",https://www.carrefour.es/supermercado/leche-desnatada-carrefour-brik-1l-carrefour/R-521007093/p
Bebidas,Coca Cola light lata 33 cl.,"0,75 €","2,27 €/l",https://www.carrefour.es/supermercado/coca-cola-light-lata-33-cl-coca-cola/R-520660521/p
Bebidas,Coca Cola zero azúcar pack 24 latas 33 cl.,"17,04 €","2,15 €/l",https://www.carrefour.es/supermercado/coca-cola-light-lata-33-cl-coca-cola/R-520660521/p
Bebidas,"Agua mineral Font Vella 6,25 l.","2,00 €","0,32 €/l",https://www.carrefour.es/supermercado/coca-cola-zero-azucar-pack-24-latas-33-cl-coca-cola/R-521028147/p
Bebidas,Agua mineral Fuente Primavera natural 5 l.,"0,46 €","0,09 €/l",https://www.carrefour.es/supermercado/coca-cola-zero-azucar-pack-24-latas-33-cl-coca-cola/R-521028147/p
Bebidas,"Agua mineral Fuente Primavera natural 1,5 l.","0,21 €","0,14 €/l",https://www.carrefour.es/supermercado/promocion?promoId=promof2550012
Bebidas,Agua mineral Bezoya natural 5 l.,"1,58 €","0,32 €/l",https://www.carrefour.es/supermercado/agua-mineral-font-vella-6-25-l-font-vella/R-531705055/p
Bebidas,Agua mineral Aquarel natural 33 cl.,"0,38 €","1,15 €/l",https://www.carrefour.es/supermercado/agua-mineral-font-vella-6-25-l-font-vella/R-531705055/p
Bebidas,Cerveza Estrella Galicia especial pack de 24 botellas de 25 cl.,"11,60 €","1,93 €/l",https://www.carrefour.es/supermercado/promocion?promoId=promof2550007
Bebidas,Coca Cola pack 24 latas 33 cl.,"17,04 €","2,15 €/l",https://www.carrefour.es/supermercado/agua-mineral-fuente-primavera-natural-5-l-fuente-primavera/R-530014537/p
Bebidas,Coca Cola zero azúcar pack 12 latas 33 cl.,"8,76 €","2,21 €/l",https://www.carrefour.es/supermercado/agua-mineral-fuente-primavera-natural-5-l-fuente-primavera/R-530014537/p
Bebidas,"Agua mineral Solán de Cabras natural 1,5 l.","0,72 €","0,48 €/l",https://www.carrefour.es/supermercado/agua-mineral-fuente-primavera-natural-1-5-l-fuente-primavera/R-695701669/p
Bebidas,"Agua mineral Font Vella 1,5 l.","0,60 €","0,40 €/l",https://www.carrefour.es/supermercado/agua-mineral-fuente-primavera-natural-1-5-l-fuente-primavera/R-695701669/p
Bebidas,Coca Cola pack 12 latas 33 cl.,"8,76 €","2,21 €/l",https://www.carrefour.es/supermercado/agua-mineral-bezoya-natural-5-l-bezoya/R-546102598/p
Bebidas,Coca Cola zero azúcar zero cafeina pack 4 botellas 2 l.,"5,96 €","0,74 €/l",https://www.carrefour.es/supermercado/agua-mineral-bezoya-natural-5-l-bezoya/R-546102598/p
Bebidas,Zumo de naranja Carrefour brik 1 l.,"0,99 €","0,99 €/l",https://www.carrefour.es/supermercado/agua-mineral-aquarel-natural-33-cl-aquarel/R-521028175/p
Bebidas,Cerveza Mahou Clásica pack de 28 latas de 33 cl.,"15,40 €","1,67 €/l",https://www.carrefour.es/supermercado/agua-mineral-aquarel-natural-33-cl-aquarel/R-521028175/p
Bebidas,Cerveza especial Estrella Galicia pack 10 latas 33 cl.,"6,41 €","1,94 €/l",https://www.carrefour.es/supermercado/cerveza-estrella-galicia-especial-pack-de-24-botellas-de-25-cl-estrella-galicia/R-590211645/p
Bebidas,Coca Cola zero azúcar zero cafeína pack 12 latas 33 cl.,"8,76 €","2,21 €/l",https://www.carrefour.es/supermercado/cerveza-estrella-galicia-especial-pack-de-24-botellas-de-25-cl-estrella-galicia/R-590211645/p
Bebidas,Cerveza Mahou Clásica pack de 12 latas de 33 cl.,"0,62 €","1,70 €/l",https://www.carrefour.es/supermercado/coca-cola-pack-24-latas-33-cl-coca-cola/R-521028127/p
Bebidas,"Agua mineral Lanjarón 1,5 l.","0,87 €","0,41 €/l",https://www.carrefour.es/supermercado/coca-cola-pack-24-latas-33-cl-coca-cola/R-521028127/p
Bebidas,"Zumo de melocotón, manzana y uva Carrefour pack de 6 briks de 20 cl.","0,80 €","0,72 €/l",https://www.carrefour.es/supermercado/promocion?promoId=promof2550012
Bebidas,Agua mineral Font Vella natural 2 l..,"0,44 €","0,40 €/l",https://www.carrefour.es/supermercado/coca-cola-zero-azucar-pack-12-latas-33-cl-coca-cola/R-530014641/p
Bebidas,Agua mineral Font Vella natural personajes 33 cl.,"0,25 €","1,33 €/l",https://www.carrefour.es/supermercado/coca-cola-zero-azucar-pack-12-latas-33-cl-coca-cola/R-530014641/p
Bebe,Toallitas bebé fres aloe vera Carrefour 80 ud.,"0,93 €","0,01 €/ud",https://www.carrefour.es/supermercado/toallitas-bebe-fres-aloe-vera-carrefour-80-ud-carrefour-baby/R-687502746/p
Bebe,Toallitas bebé fresh aloe vera Carrefour Baby 6x80 uds.,"8,10 €","0,01 €/ud",https://www.carrefour.es/supermercado/toallitas-bebe-fres-aloe-vera-carrefour-80-ud-carrefour-baby/R-687502746/p
Bebe,Toallitas de Bebé Dodot Sensitive Recambio 4x54 uds,"37,60 €","0,04 €/ud",https://www.carrefour.es/supermercado/toallitas-bebe-fresh-aloe-vera-carrefour-baby-6x80-uds-carrefour-baby/R-521036825/p
Bebe,Pañales Dodot XXL Talla 5 (11-16 kg) 168 uds,"19,95 €","0,22 €/ud",https://www.carrefour.es/supermercado/toallitas-bebe-fresh-aloe-vera-carrefour-baby-6x80-uds-carrefour-baby/R-521036825/p
Bebe,Toallitas de Bebé con Tapa Aqua Pure Dodot 3x48 uds,"22,45 €","0,06 €/ud",https://www.carrefour.es/supermercado/toallitas-de-bebe-dodot-sensitive-recambio-4x54-uds-dodot-sensitive/R-682909200/p
Bebe,Pañales Dodot Azul Extra Talla 5 (12-17 kg) 66 uds,"19,95 €","0,34 €/ud",https://www.carrefour.es/supermercado/toallitas-de-bebe-dodot-sensitive-recambio-4x54-uds-dodot-sensitive/R-682909200/p
Bebe,Pañales Dodot Activity Extra Tecnología Canal Talla 4 (10-15 kg) 52 uds,"37,60 €","0,43 €/ud",https://www.carrefour.es/supermercado/panales-dodot-xxl-talla-5-11-16-kg-168-uds-dodot/R-859823263/p
Bebe,Pañales Dodot Azul Extra Talla 4 (10-15 kg) 74 uds,"1,45 €","0,30 €/ud",https://www.carrefour.es/supermercado/panales-dodot-xxl-talla-5-11-16-kg-168-uds-dodot/R-859823263/p
Bebe,Pañales Dodot XXL Talla 4 (9-14 Kg) 180 uds,"0,75 €","0,21 €/ud",https://www.carrefour.es/supermercado/promocion?promoId=promof2070268
Bebe,Leche de Continuación Puleva Peques 3 Líquida Slim 1l,"5,85 €","1,45 €/l",https://www.carrefour.es/supermercado/toallitas-de-bebe-con-tapa-aqua-pure-dodot-3x48-uds-dodot/R-prod1120153/p
Bebe,Bastoncillos Carrefour Baby 50 ud.,"1,53 €","0,01 €/ud",https://www.carrefour.es/supermercado/toallitas-de-bebe-con-tapa-aqua-pure-dodot-3x48-uds-dodot/R-prod1120153/p
Bebe,Tarrito Frutas Variadas Hero Baby 6x235 gr,"2,85 €","4,15 €/kg",https://www.carrefour.es/supermercado/panales-dodot-azul-extra-talla-5-12-17-kg-66-uds-dodot/R-830827072/p
Bebe,Toallitas para bebé con tapa Dodot 64 ud.,"0,99 €","0,02 €/ud",https://www.carrefour.es/supermercado/panales-dodot-azul-extra-talla-5-12-17-kg-66-uds-dodot/R-830827072/p
Bebe,Limpiador de biberones y tetinas ecológico Frosch 500 ml.,"19,95 €","5,70 €/100ml",https://www.carrefour.es/supermercado/HuchaPromocion?promoId=huchaDisc420115
Bebe,Pañales Carrefour Baby Ultra Dry Talla 4 (7-18 kg) 180 uds,"0,99 €","0,12 €/ud",https://www.carrefour.es/supermercado/panales-dodot-activity-extra-tecnologia-canal-talla-4-10-15-kg-52-uds-dodot-activity-extra/R-829518871/p
Bebe,Pañales Carrefour Baby Ultra Dry Talla 5 (12-20 kg) 160 ud.,"37,60 €","0,13 €/ud",https://www.carrefour.es/supermercado/panales-dodot-activity-extra-tecnologia-canal-talla-4-10-15-kg-52-uds-dodot-activity-extra/R-829518871/p
Bebe,Tarrito de verduras con pavo desde 6 meses Hero Baby 235 g.,"3,30 €","4,21 €/kg",https://www.carrefour.es/supermercado/panales-dodot-azul-extra-talla-4-10-15-kg-74-uds-dodot/R-808455615/p
Bebe,Pañales Dodot Talla 6 +14 kg 56 ud.,"19,95 €","0,37 €/ud",https://www.carrefour.es/supermercado/panales-dodot-azul-extra-talla-4-10-15-kg-74-uds-dodot/R-808455615/p
Bebe,Tarrito de verduras con merluza desde 8 meses Hero Baby 235 g.,"0,94 €","4,21 €/kg",https://www.carrefour.es/supermercado/HuchaPromocion?promoId=huchaDisc420115
Bebe,Pañales Dodot Bebé Seco Talla 6 +13 Kg 144 ud.,"0,99 €","0,26 €/ud",https://www.carrefour.es/supermercado/panales-dodot-xxl-talla-4-9-14-kg-180-uds-dodot/R-859823261/p
