El mercado,Zanahoria Carrefour 1 kg,"0,65 €","0,65 €/kg",https://www.carrefour.es/supermercado/zanahoria-carrefour-1-kg/R-fprod1410012/p
El mercado,Cebolla Carrefour 1 Kg,"1,19 €","1,19 €/kg",https://www.carrefour.es/supermercado/cebolla-carrefour-1-kg-carrefour/R-521032276/p
El mercado,Calabacín Carrefour a granel 1 kg aprox,"1,95 €","1,95 €/kg",https://www.carrefour.es/supermercado/calabacin-carrefour-a-granel-1-kg-aprox/R-VC4AECOMM-431967/p
El mercado,Plátano de Canarias Carrefour 1 Kg aprox,"2,15 €","2,15 €/kg",https://www.carrefour.es/supermercado/platano-de-canarias-carrefour-1-kg-aprox-carrefour/R-fprod1320278/p
El mercado,Patata lavada Carrefour 5 Kg,"1,29 €","0,79 €/kg",https://www.carrefour.es/supermercado/patata-lavada-carrefour-5-kg-carrefour/R-525888361/p
El mercado,Pimiento verde Italiano 500 g,"1,45 €","2,58 €/kg",https://www.carrefour.es/supermercado/pimiento-verde-italiano-500-g/R-527030823/p
El mercado,Ajo Calidad y Origen Carrefour 250 g,"1,10 €","5,80 €/kg",https://www.carrefour.es/supermercado/ajo-calidad-y-origen-carrefour-250-g-calidad-y-origen-carrefour/R-521031667/p
El mercado,Puerro manojo de 500 g,"1,65 €","2,20 €/kg",https://www.carrefour.es/supermercado/puerro-manojo-de-500-g/R-521032287/p
El mercado,Cebolla 2 Kg,"2,15 €","0,82 €/kg",https://www.carrefour.es/supermercado/cebolla-2-kg/R-521032274/p
El mercado,Naranja 4 kg,"1,39 €","0,75 €/kg",https://www.carrefour.es/supermercado/naranja-4-kg-carrefour/R-521032164/p
El mercado,Tomate rama Carrefour 1 Kg aprox,"1,20 €","1,35 €/kg",https://www.carrefour.es/supermercado/tomate-rama-carrefour-1-kg-aprox-carrefour/R-530913262/p
El mercado,Uva blanca sin pepitas Carrefour bandeja 500 g,"3,20 €","4,30 €/kg",https://www.carrefour.es/supermercado/uva-blanca-sin-pepitas-carrefour-bandeja-500-g/R-fprod1460464/p
El mercado,Judía verde plana Cat 1ª malla 500 g,"4,98 €","2,78 €/kg",https://www.carrefour.es/supermercado/judia-verde-plana-cat-1-malla-500-g/R-521032238/p
El mercado,Mandarina Carrefour a granel 500 g aprox,"0,72 €","1,29 €/kg",https://www.carrefour.es/supermercado/mandarina-carrefour-a-granel-500-g-aprox/R-fprod1480224/p
El mercado,Queso mozzarella rallada Carrefour 200 g.,"1,59 €","6,00 €/kg",https://www.carrefour.es/supermercado/queso-mozzarella-rallada-carrefour-200-g-carrefour/R-521030768/p
El mercado,Pechuga de pollo fileteada Roler 320 g,"1,11 €","3,20 €/ud",https://www.carrefour.es/supermercado/pechuga-de-pollo-fileteada-roler-320-g-roler/R-711907656/p
El mercado,Kiwi Zespri 1 Kg aprox,"0,95 €","2,99 €/kg",https://www.carrefour.es/supermercado/kiwi-zespri-1-kg-aprox-carrefour/R-719618129/p
El mercado,Patata para freír Carrefour 4 Kg,"1,69 €","1,24 €/kg",https://www.carrefour.es/supermercado/patata-para-freir-carrefour-4-kg-carrefour/R-521036191/p
El mercado,Tomate ensalada 1 Kg aprox,"1,65 €","1,65 €/kg",https://www.carrefour.es/supermercado/tomate-ensalada-1-kg-aprox/R-530067024/p
El mercado,Pimiento rojo Carrefour 1 kg,"1,99 €","1,99 €/kg",https://www.carrefour.es/supermercado/tomate-ensalada-1-kg-aprox/R-530067024/p
El mercado,Lechuga iceberg Carrefour 1 ud,"0,79 €","0,79 €/ud",https://www.carrefour.es/supermercado/pimiento-rojo-carrefour-1-kg/R-VC4AECOMM-596176/p
El mercado,Mango Carrefour a granel 500 g aprox,"1,17 €","2,35 €/kg",https://www.carrefour.es/supermercado/pimiento-rojo-carrefour-1-kg/R-VC4AECOMM-596176/p
El mercado,Solomillo de cerdo Carrefour 2 ud 1 kg aprox,"1,13 €","5,89 €/kg",https://www.carrefour.es/supermercado/lechuga-iceberg-carrefour-1-ud-carrefour/R-fprod1190510/p
El mercado,Queso gouda holland en lonchas Carrefour 200 g.,"1,76 €","5,65 €/kg",https://www.carrefour.es/supermercado/lechuga-iceberg-carrefour-1-ud-carrefour/R-fprod1190510/p
El mercado,Queso rallado cuatro quesos Carrefour 200 g.,"1,65 €","8,80 €/kg",https://www.carrefour.es/supermercado/mango-carrefour-a-granel-500-g-aprox/R-VC4AECOMM-430552/p
El mercado,Manzana royal gala Calidad y Origen Carrefour 1 Kg aprox,"1,59 €","1,65 €/kg",https://www.carrefour.es/supermercado/mango-carrefour-a-granel-500-g-aprox/R-VC4AECOMM-430552/p
El mercado,Guacamole Carrefour 200 g,"1,99 €","7,95 €/kg",https://www.carrefour.es/supermercado/solomillo-de-cerdo-carrefour-2-ud-1-kg-aprox-carrefour/R-522714133/p
El mercado,Puerro Calidad y Origen Carrefour 500 g,"2,58 €","3,98 €/kg",https://www.carrefour.es/supermercado/solomillo-de-cerdo-carrefour-2-ud-1-kg-aprox-carrefour/R-522714133/p
El mercado,Mandarina selecta 1 Kg aprox,"3,86 €","2,39 €/kg",https://www.carrefour.es/supermercado/queso-gouda-holland-en-lonchas-carrefour-200-g/R-521030730/p
El mercado,Naranja de zumo Carrefour 4 kg,"2,95 €","0,95 €/kg",https://www.carrefour.es/supermercado/queso-gouda-holland-en-lonchas-carrefour-200-g/R-521030730/p
El mercado,Clementina Malla 2 kg,"0,59 €","1,29 €/kg",https://www.carrefour.es/supermercado/queso-rallado-cuatro-quesos-carrefour-200-g-carrefour/R-521030772/p
El mercado,Jamoncitos de pollo Carrefour 1 kg aprox,"0,78 €","3,86 €/kg",https://www.carrefour.es/supermercado/queso-rallado-cuatro-quesos-carrefour-200-g-carrefour/R-521030772/p
El mercado,Aguacate hass Carrefour a granel 1 kg,"4,02 €","3,95 €/kg",https://www.carrefour.es/supermercado/aguacate-hass-carrefour-a-granel-1-kg/R-VC4AECOMM-471013/p
El mercado,Espetec Casa Tarradellas pack de 2 unidades de 180 g.,"3,99 €","11,17 €/kg",https://www.carrefour.es/supermercado/aguacate-hass-carrefour-a-granel-1-kg/R-VC4AECOMM-471013/p
El mercado,Pechuga de pollo certificado fileteado Carrefour 500 g aprox,"3,86 €","7,99 €/kg",https://www.carrefour.es/supermercado/espetec-casa-tarradellas-pack-de-2-unidades-de-180-g-casa-tarradellas/R-521030841/p
El mercado,Naranja Saco 6 kg,"2,39 €","0,55 €/kg",https://www.carrefour.es/supermercado/espetec-casa-tarradellas-pack-de-2-unidades-de-180-g-casa-tarradellas/R-521030841/p
El mercado,Filete de Merluza del Cabo Carrefour 600 g.,"1,75 €","6,43 €/kg",https://www.carrefour.es/supermercado/pechuga-de-pollo-certificado-fileteado-carrefour-500-g-aprox-carrefour/R-791562919/p
El mercado,Espárrago verde manojo de 300 g,"1,86 €","7,97 €/kg",https://www.carrefour.es/supermercado/pechuga-de-pollo-certificado-fileteado-carrefour-500-g-aprox-carrefour/R-791562919/p
El mercado,"Manzana Golden Carrefour 1,5 kg","0,74 €","1,17 €/kg",https://www.carrefour.es/supermercado/naranja-saco-6-kg-carrefour/R-592100853/p
El mercado,Cintas de bacon Casa Tarradellas pack de 2 unidades de 100 g.,"3,59 €","9,30 €/kg",https://www.carrefour.es/supermercado/naranja-saco-6-kg-carrefour/R-592100853/p
El mercado,Manzana fuji Calidad y Origen Carrefour a granel 500 g aprox,"2,24 €","1,49 €/kg",https://www.carrefour.es/supermercado/filete-de-merluza-del-cabo-carrefour-600-g-carrefour/R-818615190/p
El mercado,Patata 5 Kg,"3,75 €","0,72 €/kg",https://www.carrefour.es/supermercado/filete-de-merluza-del-cabo-carrefour-600-g-carrefour/R-818615190/p
El mercado,Costilla de cerdo semicarnuda Carrefour 500 g aprox,"1,15 €","4,49 €/kg",https://www.carrefour.es/supermercado/esparrago-verde-manojo-de-300-g/R-694303869/p
El mercado,Dorada de ración 500 g aprox,"2,00 €","7,50 €/kg",https://www.carrefour.es/supermercado/esparrago-verde-manojo-de-300-g/R-694303869/p
El mercado,Cebolla roja Carrefour 500 g,"1,00 €","2,30 €/kg",https://www.carrefour.es/supermercado/manzana-golden-carrefour-1-5-kg/R-fprod1460515/p
El mercado,Plátano de Canarias Coplaca bandeja 5 uds,"4,98 €","0,40 €/ud",https://www.carrefour.es/supermercado/manzana-golden-carrefour-1-5-kg/R-fprod1460515/p
El mercado,Pan de molde sin corteza buenisimo Bimbo 450 g.,"1,13 €","4,42 €/kg",https://www.carrefour.es/supermercado/cintas-de-bacon-casa-tarradellas-pack-de-2-unidades-de-100-g-casa-tarradellas/R-521031064/p
El mercado,Tomate cherry Carrefour 250 g,"1,37 €","4,00 €/kg",https://www.carrefour.es/supermercado/cintas-de-bacon-casa-tarradellas-pack-de-2-unidades-de-100-g-casa-tarradellas/R-521031064/p
El mercado,Patata para cocer Carrefour 4 Kg,"1,13 €","1,24 €/kg",https://www.carrefour.es/supermercado/manzana-fuji-calidad-y-origen-carrefour-a-granel-500-g-aprox/R-fprod1460462/p
El mercado,Guisantes Carrefour 1 kg.,"1,55 €","1,13 €/kg",https://www.carrefour.es/supermercado/manzana-fuji-calidad-y-origen-carrefour-a-granel-500-g-aprox/R-fprod1460462/p
El mercado,Queso en lonchas Carrefour 400 g.,"3,99 €","3,43 €/kg",https://www.carrefour.es/supermercado/patata-5-kg/R-prod871247/p
El mercado,Queso edam holland en lonchas Carrefour 200 g.,"0,55 €","5,65 €/kg",https://www.carrefour.es/supermercado/patata-5-kg/R-prod871247/p
El mercado,Calabaza cortada 500 g,"3,99 €","3,10 €/kg",https://www.carrefour.es/supermercado/costilla-de-cerdo-semicarnuda-carrefour-500-g-aprox-carrefour/R-prod231103/p
El mercado,Solomillo de pavo Carrefour duplo 600 g aprox,"1,05 €","5,80 €/kg",https://www.carrefour.es/supermercado/solomillo-de-pavo-carrefour-duplo-600-g-aprox-carrefour/R-prod920183/p
El mercado,Barra de pan pistola Carrefour 3 ud de 250 g,"1,75 €","0,35 €/ud",https://www.carrefour.es/supermercado/solomillo-de-pavo-carrefour-duplo-600-g-aprox-carrefour/R-prod920183/p
El mercado,Cebolla dulce Carrefour 500 g,"1,87 €","3,50 €/kg",https://www.carrefour.es/supermercado/barra-de-pan-pistola-carrefour-3-ud-de-250-g-carrefour/R-575702279/p
El mercado,Queso rallado parmesano Carrefour 100 g.,"2,95 €","18,70 €/kg",https://www.carrefour.es/supermercado/barra-de-pan-pistola-carrefour-3-ud-de-250-g-carrefour/R-575702279/p
El mercado,Salmón ahumado Noruego Carrefour 100 g.,"1,65 €","29,50 €/kg",https://www.carrefour.es/supermercado/cebolla-dulce-carrefour-500-g-carrefour/R-521032281/p
El mercado,Queso havarti en lonchas Carrefour 200 g.,"2,15 €","8,25 €/kg",https://www.carrefour.es/supermercado/cebolla-dulce-carrefour-500-g-carrefour/R-521032281/p
El mercado,Uva rosada sin pepitas Carrefour bandeja de 500 g,"3,90 €","4,30 €/kg",https://www.carrefour.es/supermercado/queso-rallado-parmesano-carrefour-100-g-carrefour/R-522714749/p
El mercado,Preparado de carne picada de vacuno Calidad y Origen Carrefour 400 g,"0,77 €","9,75 €/kg",https://www.carrefour.es/supermercado/queso-rallado-parmesano-carrefour-100-g-carrefour/R-522714749/p
El mercado,Croissants clásicos Carrefour 350 g.,"0,47 €","2,20 €/kg",https://www.carrefour.es/supermercado/salmon-ahumado-noruego-carrefour-100-g-carrefour/R-682701980/p
El mercado,Pan rallado Carrefour 500 g.,"1,88 €","0,94 €/kg",https://www.carrefour.es/supermercado/salmon-ahumado-noruego-carrefour-100-g-carrefour/R-682701980/p
El mercado,Salchichas Frankfurt Campofrío pack de 4 unidades de 140 g.,"2,25 €","3,36 €/kg",https://www.carrefour.es/supermercado/queso-havarti-en-lonchas-carrefour-200-g-carrefour/R-521030719/p
El mercado,Carne de añojo troceada para guisar Calidad y Origen Carrefour 300 g aprox,"1,78 €","7,50 €/kg",https://www.carrefour.es/supermercado/queso-havarti-en-lonchas-carrefour-200-g-carrefour/R-521030719/p
El mercado,Piña golden ripe 2 Kg aprox,"2,17 €","0,89 €/kg",https://www.carrefour.es/supermercado/uva-rosada-sin-pepitas-carrefour-bandeja-de-500-g/R-fprod1460463/p
El mercado,"Calabaza sepallo a granel 1,5 Kg aprox","1,15 €","1,45 €/kg",https://www.carrefour.es/supermercado/uva-rosada-sin-pepitas-carrefour-bandeja-de-500-g/R-fprod1460463/p
El mercado,"Pechuga de pollo fileteada Carrefour 1,2 kg aprox","1,13 €","5,95 €/kg",https://www.carrefour.es/supermercado/preparado-de-carne-picada-de-vacuno-calidad-y-origen-carrefour-400-g-calidad-y-origen-carrefour/R-prod1070062/p
El mercado,Fresón tarrina 500 g,"0,99 €","3,78 €/kg",https://www.carrefour.es/supermercado/preparado-de-carne-picada-de-vacuno-calidad-y-origen-carrefour-400-g-calidad-y-origen-carrefour/R-prod1070062/p
El mercado,Pan de pueblo sin aditivos 800 g,"0,99 €","1,44 €/kg",https://www.carrefour.es/supermercado/croissants-clasicos-carrefour-350-g-carrefour/R-521007194/p
El mercado,Salmón Calidad y Origen Carrefour 1 ud de 3 kg aprox,"2,90 €","6,99 €/kg",https://www.carrefour.es/supermercado/croissants-clasicos-carrefour-350-g-carrefour/R-521007194/p
El mercado,Croissants rellenos de crema de cacao Carrefour 360 g.,"5,50 €","3,14 €/kg",https://www.carrefour.es/supermercado/pan-rallado-carrefour-500-g-carrefour/R-805763833/p
El mercado,Pan de molde familiar Bimbo 700 g.,"1,84 €","2,63 €/kg",https://www.carrefour.es/supermercado/pan-de-molde-familiar-bimbo-700-g-bimbo/R-prod870005/p
El mercado,Tiras de bacon sabor ahumado Carrefour sin gluten pack de 2 unidades de 100 g.,"1,55 €","7,75 €/kg",https://www.carrefour.es/supermercado/pan-de-molde-familiar-bimbo-700-g-bimbo/R-prod870005/p
El mercado,Pan de molde sin corteza Carrefour 450 g.,"0,99 €","2,20 €/kg",https://www.carrefour.es/supermercado/tiras-de-bacon-sabor-ahumado-carrefour-sin-gluten-pack-de-2-unidades-de-100-g-carrefour/R-831313923/p
El mercado,Jamón cocido extra sin fosfatos Bonnatur Argal al corte 150 g aprox,"1,79 €","11,95 €/kg",https://www.carrefour.es/supermercado/tiras-de-bacon-sabor-ahumado-carrefour-sin-gluten-pack-de-2-unidades-de-100-g-carrefour/R-831313923/p
El mercado,Pan de leche Carrefour 350 g.,"0,93 €","2,66 €/kg",https://www.carrefour.es/supermercado/pan-de-molde-sin-corteza-carrefour-450-g/R-VC4AECOMM-443179/p
El mercado,Jamón cocido extra en lonchas finas 200 g,"1,90 €","9,50 €/kg",https://www.carrefour.es/supermercado/pan-de-molde-sin-corteza-carrefour-450-g/R-VC4AECOMM-443179/p
El mercado,Filetes de merluza sin piel Pescanova 400 g.,"1,48 €","10,55 €/kg",https://www.carrefour.es/supermercado/jamon-cocido-extra-sin-fosfatos-bonnatur-argal-al-corte-150-g-aprox-argal-bonnatur/R-536500299/p
El mercado,Masa para empanadillas y postres Buitoni 280 g.,"0,78 €","5,29 €/kg",https://www.carrefour.es/supermercado/jamon-cocido-extra-sin-fosfatos-bonnatur-argal-al-corte-150-g-aprox-argal-bonnatur/R-536500299/p
El mercado,Pan de hamburguesa maxi Carrefour 4 ud.,"2,27 €","2,60 €/kg",https://www.carrefour.es/supermercado/pan-de-leche-carrefour-350-g-carrefour/R-prod550021/p
El mercado,Preparado para cocido Carrefour 450 g aprox,"1,55 €","5,05 €/kg",https://www.carrefour.es/supermercado/pan-de-leche-carrefour-350-g-carrefour/R-prod550021/p
El mercado,Salchichas cocidas Wieners bocadillo Oscar Mayer 275 g.,"3,30 €","5,64 €/kg",https://www.carrefour.es/supermercado/jamon-cocido-extra-en-lonchas-finas-200-g-carrefour/R-fprod1200252/p
El mercado,Arándanos Carrefour 250 g,"0,87 €","13,20 €/kg",https://www.carrefour.es/supermercado/jamon-cocido-extra-en-lonchas-finas-200-g-carrefour/R-fprod1200252/p
El mercado,"Trozo de lomo de cerdo Carrefour 1,2 kg aprox","3,41 €","3,89 €/kg",https://www.carrefour.es/supermercado/filetes-de-merluza-sin-piel-pescanova-400-g-pescanova/R-521031239/p
El mercado,Pechuga de pavo Campofrío Finissimas 170 g.,"3,44 €","15,29 €/kg",https://www.carrefour.es/supermercado/filetes-de-merluza-sin-piel-pescanova-400-g-pescanova/R-521031239/p
El mercado,Pimiento padron Carrefour 200 gr.,"3,39 €","4,35 €/kg",https://www.carrefour.es/supermercado/masa-para-empanadillas-y-postres-buitoni-280-g-buitoni/R-521030336/p
El mercado,Naranja Calidad y Origen a granel 1 Kg aprox,"0,99 €","1,19 €/kg",https://www.carrefour.es/supermercado/masa-para-empanadillas-y-postres-buitoni-280-g-buitoni/R-521030336/p
El mercado,Chuleta de pavo marinada al ajillo Kovo 600 g aprox,"1,15 €","5,69 €/kg",https://www.carrefour.es/supermercado/promocion?promoId=promof2530060
El mercado,Contramuslo de pollo Carrefour 1 kg aprox,"2,10 €","3,44 €/kg",https://www.carrefour.es/supermercado/pan-de-hamburguesa-maxi-carrefour-4-ud-carrefour/R-521007180/p
El mercado,Hamburguesa añojo Calidad y Origen Carrefour 6x90 g,"0,70 €","6,28 €/kg",https://www.carrefour.es/supermercado/pan-de-hamburguesa-maxi-carrefour-4-ud-carrefour/R-521007180/p
El mercado,Gamba pelada pequeña congelada Pescatrade 400 g,"4,95 €","12,37 €/kg",https://www.carrefour.es/supermercado/gamba-pelada-pequena-congelada-pescatrade-400-g-pescatrade/R-821300438/p
El mercado,Panecillos para perritos calientes Carrefour 330 g.,"0,67 €","2,03 €/kg",https://www.carrefour.es/supermercado/gamba-pelada-pequena-congelada-pescatrade-400-g-pescatrade/R-821300438/p
El mercado,Corazón de cogollos de lechuga 500 g,"1,79 €","3,58 €/kg",https://www.carrefour.es/supermercado/panecillos-para-perritos-calientes-carrefour-330-g-carrefour/R-fprod1230187/p
El mercado,Pan Carrefour 5 ud,"1,00 €","2,50 €/kg",https://www.carrefour.es/supermercado/panecillos-para-perritos-calientes-carrefour-330-g-carrefour/R-fprod1230187/p
El mercado,Granada Carrefour a granel 500 g aprox,"0,87 €","1,75 €/kg",https://www.carrefour.es/supermercado/corazon-de-cogollos-de-lechuga-500-g-calidad-y-origen-carrefour/R-521032337/p
El mercado,Limón ecológico Carrefour Bio 500 g,"1,70 €","3,40 €/kg",https://www.carrefour.es/supermercado/corazon-de-cogollos-de-lechuga-500-g-calidad-y-origen-carrefour/R-521032337/p
El mercado,Longaniza blanca fresca La Nuncia 500 g,"2,75 €","5,50 €/kg",https://www.carrefour.es/supermercado/pan-carrefour-5-ud-carrefour/R-711411255/p
El mercado,Pimiento verde 1 Kg,"2,29 €","2,29 €/kg",https://www.carrefour.es/supermercado/pan-carrefour-5-ud-carrefour/R-711411255/p
El mercado,Tomate raff 1 Kg aprox,"2,00 €","1,89 €/kg",https://www.carrefour.es/supermercado/granada-carrefour-a-granel-500-g-aprox/R-fprod1480259/p
El mercado,Queso rulo de cabra Carrefour 180 g,"1,09 €","11,11 €/kg",https://www.carrefour.es/supermercado/granada-carrefour-a-granel-500-g-aprox/R-fprod1480259/p
El mercado,Ensalada delicius Carrefour 100 g,"0,96 €","10,90 €/kg",https://www.carrefour.es/supermercado/limon-ecologico-carrefour-bio-500-g-carrefour-bio/R-584501555/p
El mercado,Pan de molde integral con corteza Carrefour 820 g.,"1,35 €","1,17 €/kg",https://www.carrefour.es/supermercado/limon-ecologico-carrefour-bio-500-g-carrefour-bio/R-584501555/p
El mercado,Tomate kumato 500 g,"1,43 €","2,70 €/kg",https://www.carrefour.es/supermercado/promocion?promoId=promof2550017
El mercado,Queso mozzarella Italiana Galbani 125 g.,"5,45 €","11,44 €/kg",https://www.carrefour.es/supermercado/longaniza-blanca-fresca-la-nuncia-500-g-la-nuncia/R-761104986/p
El mercado,Salmón ahumado noruego Carrefour 200 g.,"0,57 €","27,25 €/kg",https://www.carrefour.es/supermercado/longaniza-blanca-fresca-la-nuncia-500-g-la-nuncia/R-761104986/p
El mercado,Pan de picos Carrefour 1 ud,"1,86 €","1,68 €/kg",https://www.carrefour.es/supermercado/pimiento-verde-1-kg/R-636701853/p
El mercado,Pechuga de pavo Campofrío Finissimas 115 g.,"4,25 €","16,17 €/kg",https://www.carrefour.es/supermercado/pimiento-verde-1-kg/R-636701853/p
El mercado,Aguacate 500 g,"0,79 €","7,73 €/kg",https://www.carrefour.es/supermercado/tomate-raff-1-kg-aprox/R-600709166/p
El mercado,Fuet casero ElPozo 150 g.,"3,28 €","11,93 €/kg",https://www.carrefour.es/supermercado/tomate-raff-1-kg-aprox/R-600709166/p
El mercado,Lechuga iceberg Carrefour 250 g,"1,99 €","3,16 €/kg",https://www.carrefour.es/supermercado/queso-rulo-de-cabra-carrefour-180-g-carrefour/R-784529321/p
El mercado,Patata ecológica Carrefour Bio 2 Kg,"1,74 €","1,64 €/kg",https://www.carrefour.es/supermercado/queso-rulo-de-cabra-carrefour-180-g-carrefour/R-784529321/p
El mercado,Albóndigas de cerdo Carrefour 400 g,"0,20 €","1,99 €/ud",https://www.carrefour.es/supermercado/ensalada-delicius-carrefour-100-g-carrefour/R-757834499/p
El mercado,Patata para guarnición Carrefour 1 Kg,"1,59 €","1,59 €/kg",https://www.carrefour.es/supermercado/patata-para-guarnicion-carrefour-1-kg-carrefour/R-693401847/p
El mercado,Salchichas Frankfurt Carrefour pack de 4 unidades 170 g.,"1,40 €","2,06 €/kg",https://www.carrefour.es/supermercado/patata-para-guarnicion-carrefour-1-kg-carrefour/R-693401847/p
El mercado,Rúcula y canónigo Carrefour 100 g,"0,95 €","9,50 €/kg",https://www.carrefour.es/supermercado/salchichas-frankfurt-carrefour-pack-de-4-unidades-170-g/R-fprod1460360/p
El mercado,Rúcula Carrefour 50 g,"0,75 €","15,00 €/kg",https://www.carrefour.es/supermercado/salchichas-frankfurt-carrefour-pack-de-4-unidades-170-g/R-fprod1460360/p
El mercado,Pechuga de pollo certificado entera Carrefour 500 g aprox,"3,97 €","7,95 €/kg",https://www.carrefour.es/supermercado/rucula-y-canonigo-carrefour-100-g-carrefour/R-prod160425/p
El mercado,queso havarti light en lonchas Carrefour 200 g.,"1,65 €","8,25 €/kg",https://www.carrefour.es/supermercado/rucula-y-canonigo-carrefour-100-g-carrefour/R-prod160425/p
El mercado,Pan Burguer chapatta cristalina 2 ud,"1,60 €","6,96 €/kg",https://www.carrefour.es/supermercado/rucula-carrefour-50-g-carrefour/R-757834489/p
El mercado,Jamón york el lonchas sándwich El Pozo sin gluten sin lactosa 225 g.,"1,90 €","7,29 €/kg",https://www.carrefour.es/supermercado/rucula-carrefour-50-g-carrefour/R-757834489/p
El mercado,Queso brie 60% M.G Carrefour 200 g,"1,49 €","9,50 €/kg",https://www.carrefour.es/supermercado/pechuga-de-pollo-certificado-entera-carrefour-500-g-aprox-carrefour/R-prod1020232/p
El mercado,Tomate cherry 500 g,"1,45 €","2,98 €/kg",https://www.carrefour.es/supermercado/pechuga-de-pollo-certificado-entera-carrefour-500-g-aprox-carrefour/R-prod1020232/p
El mercado,Queso Roquefort D.O.P Carrefour cuña 100 g,"2,60 €","14,50 €/kg",https://www.carrefour.es/supermercado/queso-havarti-light-en-lonchas-carrefour-200-g-carrefour/R-521030721/p
El mercado,Bacon cocido ahumado en tiras ElPozo pack (4x60g) envase 240 g,"3,42 €","10,83 €/kg",https://www.carrefour.es/supermercado/queso-havarti-light-en-lonchas-carrefour-200-g-carrefour/R-521030721/p
El mercado,Filete de cadera o babilla de ternera 1ªA Calidad y Origen Carrefour 300 g aprox,"1,13 €","11,40 €/kg",https://www.carrefour.es/supermercado/pan-burguer-chapatta-cristalina-2-ud/R-prod860386/p
El mercado,Magdalena cuadrada Carrefour 700 g.,"1,25 €","1,61 €/kg",https://www.carrefour.es/supermercado/pan-burguer-chapatta-cristalina-2-ud/R-prod860386/p
El mercado,Morcillo de añojo Calidad y Origen Carrefour 500 g aprox,"2,81 €","7,50 €/kg",https://www.carrefour.es/supermercado/jamon-york-el-lonchas-sandwich-el-pozo-sin-gluten-sin-lactosa-225-g-elpozo/R-522714864/p
El mercado,Queso rallado en polvo especial pasta El Caserío 100 g.,"2,25 €","12,50 €/kg",https://www.carrefour.es/supermercado/jamon-york-el-lonchas-sandwich-el-pozo-sin-gluten-sin-lactosa-225-g-elpozo/R-522714864/p
El mercado,Costillas de cerdo troceadas para guisar Carrefour 500 g aprox,"2,89 €","5,63 €/kg",https://www.carrefour.es/supermercado/promocion?promoId=promof2530057
El mercado,Longaniza fresca de pollo Carrefour 400 g,"0,68 €","2,25 €/ud",https://www.carrefour.es/supermercado/queso-brie-60-mg-carrefour-200-g-carrefour/R-783928718/p
El mercado,Hamburguesa de añojo Calidad y Origen Carrefour 2x150 g,"2,31 €","9,63 €/kg",https://www.carrefour.es/supermercado/queso-brie-60-mg-carrefour-200-g-carrefour/R-783928718/p
El mercado,Picos camperos con aceite de oliva virgen extra Carrefour sin lactosa 250 g.,"2,30 €","2,72 €/kg",https://www.carrefour.es/supermercado/tomate-cherry-500-g/R-VC4AECOMM-600248/p
El mercado,Jamón cocido Campofrío Finissimas sin gluten 170 g.,"1,59 €","15,29 €/kg",https://www.carrefour.es/supermercado/tomate-cherry-500-g/R-VC4AECOMM-600248/p
El mercado,Queso cheddar en lonchas Carrefour 200 g.,"1,55 €","7,75 €/kg",https://www.carrefour.es/supermercado/queso-cheddar-en-lonchas-carrefour-200-g-carrefour/R-521030715/p
El mercado,Queso en Polvo especial pasta Carrefour sin gluten 150 g.,"1,30 €","8,67 €/kg",https://www.carrefour.es/supermercado/queso-cheddar-en-lonchas-carrefour-200-g-carrefour/R-521030715/p
El mercado,Carrillada de cerdo Carrefour 300 g aprox,"2,98 €","9,95 €/kg",https://www.carrefour.es/supermercado/queso-en-polvo-especial-pasta-carrefour-sin-gluten-150-g-carrefour/R-fprod1350064/p
El mercado,Filete de bacalao al punto sal ultracongelado Carrefour 400 g.,"4,60 €","11,50 €/kg",https://www.carrefour.es/supermercado/queso-en-polvo-especial-pasta-carrefour-sin-gluten-150-g-carrefour/R-fprod1350064/p
El mercado,Pan de Hamburguesa Carrefour 4 ud 325 g,"1,50 €","5,00 €/kg",https://www.carrefour.es/supermercado/carrillada-de-cerdo-carrefour-300-g-aprox-elpozo/R-525702451/p
El mercado,Masa de hojaldre Carrefour 230 g.,"1,10 €","4,78 €/kg",https://www.carrefour.es/supermercado/carrillada-de-cerdo-carrefour-300-g-aprox-elpozo/R-525702451/p
El mercado,Chorizo extra Carrefour 2 x 120 g,"1,35 €","5,63 €/kg",https://www.carrefour.es/supermercado/filete-de-bacalao-al-punto-sal-ultracongelado-carrefour-400-g-carrefour/R-589601121/p
El mercado,Colines integrales Carrefour 250 g.,"0,44 €","1,76 €/kg",https://www.carrefour.es/supermercado/filete-de-bacalao-al-punto-sal-ultracongelado-carrefour-400-g-carrefour/R-589601121/p
El mercado,Lacón cocido y ahumado extra cortado a mano sin gluten y sin lactosa 150 g,"2,12 €","12,47 €/kg",https://www.carrefour.es/supermercado/pan-de-hamburguesa-carrefour-4-ud-325-g/R-575702273/p
El mercado,Pan payés grande Hecho aquí Carrefour 800 g,"2,55 €","2,55 €/ud",https://www.carrefour.es/supermercado/pan-de-hamburguesa-carrefour-4-ud-325-g/R-575702273/p
El mercado,"Mandarina con hoja bandeja 1,4 kg","2,93 €","2,09 €/kg",https://www.carrefour.es/supermercado/masa-de-hojaldre-carrefour-230-g-carrefour/R-663201866/p
El mercado,Crema de queso de untar natural Philadelphia pack de 2 unidades de 250 g.,"1,42 €","7,78 €/kg",https://www.carrefour.es/supermercado/masa-de-hojaldre-carrefour-230-g-carrefour/R-663201866/p
El mercado,Jamón cocido extra Campofrío al corte 150 g aprox,"3,19 €","9,50 €/kg",https://www.carrefour.es/supermercado/chorizo-extra-carrefour-2-x-120-g-carrefour/R-prod1130574/p
El mercado,Hamburguesa mixta vacuno y cerdo Carrefour 6x90 g,"1,29 €","3,19 €/ud",https://www.carrefour.es/supermercado/chorizo-extra-carrefour-2-x-120-g-carrefour/R-prod1130574/p
El mercado,Coliflor Carrefour 1 kg.,"1,99 €","1,29 €/kg",https://www.carrefour.es/supermercado/promocion?promoId=promof2550027
El mercado,Lomo embuchado bipack Carrefour 2 ud de 75 g,"1,89 €","13,27 €/kg",https://www.carrefour.es/supermercado/colines-integrales-carrefour-250-g-carrefour/R-prod970952/p
El mercado,Mini taquitos de jamón curado Carrefour sin lactosa pack de 2 unidades de 75 g.,"0,67 €","12,60 €/kg",https://www.carrefour.es/supermercado/colines-integrales-carrefour-250-g-carrefour/R-prod970952/p
El mercado,Espinacas cortadas en porciones Carrefour 400 g.,"2,20 €","1,67 €/kg",https://www.carrefour.es/supermercado/lacon-cocido-y-ahumado-extra-cortado-a-mano-sin-gluten-y-sin-lactosa-150-g/R-VC4AECOMM-445647/p
El mercado,Chorizo de primera especial cocina Palacios 225 g.,"2,74 €","9,78 €/kg",https://www.carrefour.es/supermercado/lacon-cocido-y-ahumado-extra-cortado-a-mano-sin-gluten-y-sin-lactosa-150-g/R-VC4AECOMM-445647/p
El mercado,"Queso semicurado mezcla Carrefour cuña 1/8, 375 g aprox","2,99 €","7,30 €/kg",https://www.carrefour.es/supermercado/pan-payes-grande-hecho-aqui-carrefour-800-g-carrefour/R-679001901/p
El mercado,Carne picada de pollo Carrefour 400 g,"3,39 €","2,99 €/ud",https://www.carrefour.es/supermercado/pan-payes-grande-hecho-aqui-carrefour-800-g-carrefour/R-679001901/p
El mercado,Hamburguesa de pollo Carrefour 6x90 g,"1,89 €","3,39 €/ud",https://www.carrefour.es/supermercado/mandarina-con-hoja-bandeja-1-4-kg/R-VC4AECOMM-425833/p
El mercado,Pan de molde natural 100% Bimbo sin lactosa 460 g.,"0,89 €","4,11 €/kg",https://www.carrefour.es/supermercado/mandarina-con-hoja-bandeja-1-4-kg/R-VC4AECOMM-425833/p
El mercado,Lomo Ibérico de cerdo adobado Legado Ibérico ElPozo 200 g,"3,39 €","16,95 €/kg",https://www.carrefour.es/supermercado/lomo-iberico-de-cerdo-adobado-legado-iberico-elpozo-200-g-elpozo/R-530706179/p
El mercado,"Repollo liso nacional 1,5 kg","1,49 €","0,99 €/kg",https://www.carrefour.es/supermercado/lomo-iberico-de-cerdo-adobado-legado-iberico-elpozo-200-g-elpozo/R-530706179/p
El mercado,"Queso semicurado mezcla García Baquero cuña 1/8, 420 g aprox","5,04 €","12,00 €/kg",https://www.carrefour.es/supermercado/repollo-liso-nacional-1-5-kg/R-529916719/p
El mercado,Bacon en lonchas Oscar Mayer 150 g.,"1,95 €","13,00 €/kg",https://www.carrefour.es/supermercado/repollo-liso-nacional-1-5-kg/R-529916719/p
El mercado,Patatas fritas clásicas Carrefour 1 kg.,"0,99 €","0,99 €/kg",https://www.carrefour.es/supermercado/queso-semicurado-mezcla-garcia-baquero-cuna-1-8-420-g-aprox-garcia-baquero/R-521034164/p
El mercado,Pan de perrito 6 ud 330 g,"1,50 €","4,55 €/kg",https://www.carrefour.es/supermercado/queso-semicurado-mezcla-garcia-baquero-cuna-1-8-420-g-aprox-garcia-baquero/R-521034164/p
El mercado,Palitos de mar 300 g,"1,35 €","4,50 €/kg",https://www.carrefour.es/supermercado/bacon-en-lonchas-oscar-mayer-150-g-oscar-mayer/R-521031060/p
El mercado,Salchichas cocidas Jumbo Classic Oscar Mayer 350 g.,"2,99 €","5,49 €/kg",https://www.carrefour.es/supermercado/bacon-en-lonchas-oscar-mayer-150-g-oscar-mayer/R-521031060/p
El mercado,Manzana pink lady a granel 1 kg aprox,"1,00 €","2,99 €/kg",https://www.carrefour.es/supermercado/promocion?promoId=promof2530053
El mercado,Acelga cortada Carrefour 300 g,"0,78 €","3,33 €/kg",https://www.carrefour.es/supermercado/patatas-fritas-clasicas-carrefour-1-kg-carrefour/R-768405799/p
El mercado,Pan rallado de ajo y perejil Carrefour 500 g.,"4,18 €","1,56 €/kg",https://www.carrefour.es/supermercado/patatas-fritas-clasicas-carrefour-1-kg-carrefour/R-768405799/p
El mercado,Lomo de atún 300 g aprox,"2,29 €","13,95 €/kg",https://www.carrefour.es/supermercado/pan-de-perrito-6-ud-330-g/R-606509119/p
El mercado,Patata roja Carrefour 2 Kg,"2,95 €","1,14 €/kg",https://www.carrefour.es/supermercado/pan-de-perrito-6-ud-330-g/R-606509119/p
El mercado,Pechuga de pavo en lonchas El Pozo sin gluten 200 g.,"4,40 €","10,50 €/kg",https://www.carrefour.es/supermercado/palitos-de-mar-300-g/R-VC4AECOMM-515282/p
El mercado,Burger Meat de vacuno de Extremadura El Encinar de Humienta 2x180 g,"1,99 €","8,19 €/kg",https://www.carrefour.es/supermercado/palitos-de-mar-300-g/R-VC4AECOMM-515282/p
El mercado,Calamar limpio 400 g.,"1,86 €","11,00 €/kg",https://www.carrefour.es/supermercado/salchichas-cocidas-jumbo-classic-oscar-mayer-350-g-oscar-mayer/R-521031158/p
El mercado,Frambuesa ecológica 125 g,"3,74 €","15,92 €/kg",https://www.carrefour.es/supermercado/salchichas-cocidas-jumbo-classic-oscar-mayer-350-g-oscar-mayer/R-521031158/p
El mercado,Jamón cocido al vapor Campofrío Finissimas sin gluten y sin lactosa 115 g.,"1,69 €","16,17 €/kg",https://www.carrefour.es/supermercado/promocion?promoId=promof2530089
El mercado,Guisantes finos Findus 1 kg.,"1,79 €","3,74 €/kg",https://www.carrefour.es/supermercado/manzana-pink-lady-a-granel-1-kg-aprox-carrefour/R-529921851/p
El mercado,Manzana granny smith a granel 1 Kg aprox,"1,00 €","1,69 €/kg",https://www.carrefour.es/supermercado/manzana-pink-lady-a-granel-1-kg-aprox-carrefour/R-529921851/p
El mercado,Cebolla ecológica Carrefour Bio 1 Kg,"2,10 €","1,79 €/kg",https://www.carrefour.es/supermercado/acelga-cortada-carrefour-300-g-carrefour/R-521032384/p
El mercado,Tomate natural rallado Surinver 230 g,"3,95 €","4,35 €/kg",https://www.carrefour.es/supermercado/acelga-cortada-carrefour-300-g-carrefour/R-521032384/p
El mercado,Carne de pavo para estofado Carrefour 500 g aprox,"2,90 €","5,80 €/kg",https://www.carrefour.es/supermercado/carne-de-pavo-para-estofado-carrefour-500-g-aprox-carrefour/R-prod920165/p
El mercado,Pan rallado Carrefour 750 g.,"0,67 €","0,89 €/kg",https://www.carrefour.es/supermercado/carne-de-pavo-para-estofado-carrefour-500-g-aprox-carrefour/R-prod920165/p
El mercado,Chuleta de aguja de cerdo Carrefour 1 kg aprox,"2,80 €","4,15 €/kg",https://www.carrefour.es/supermercado/pan-rallado-carrefour-750-g-carrefour/R-805763831/p
El mercado,Compango para cocido asturiano 300 g,"6,95 €","9,33 €/kg",https://www.carrefour.es/supermercado/pan-rallado-carrefour-750-g-carrefour/R-805763831/p
El mercado,Gamba pelada grande Pescatrade 400 g,"2,70 €","17,37 €/kg",https://www.carrefour.es/supermercado/chuleta-de-aguja-de-cerdo-carrefour-1-kg-aprox-carrefour/R-521032495/p
El mercado,Queso de untar original Philadelphia 350 g,"0,99 €","7,71 €/kg",https://www.carrefour.es/supermercado/chuleta-de-aguja-de-cerdo-carrefour-1-kg-aprox-carrefour/R-521032495/p
El mercado,Pan de molde grande Bimbo 375 g.,"1,05 €","2,64 €/kg",https://www.carrefour.es/supermercado/compango-para-cocido-asturiano-300-g-tinin/R-526413865/p
El mercado,Menestra de verduras Carrefour 1 kg.,"2,99 €","1,05 €/kg",https://www.carrefour.es/supermercado/compango-para-cocido-asturiano-300-g-tinin/R-526413865/p
El mercado,Pack ahorro finas del mar 2 x 200 g,"1,75 €","7,48 €/kg",https://www.carrefour.es/supermercado/gamba-pelada-grande-pescatrade-400-g-pescatrade/R-820613790/p
El mercado,Ensalada brotes deluxe Carrefour 110 g,"2,10 €","15,91 €/kg",https://www.carrefour.es/supermercado/gamba-pelada-grande-pescatrade-400-g-pescatrade/R-820613790/p
El mercado,Salchichas Jumbo de queso Oscar Mayer 350 g.,"2,25 €","6,00 €/kg",https://www.carrefour.es/supermercado/queso-de-untar-original-philadelphia-350-g-philadelphia/R-704404251/p
El mercado,Chuletas de lomo de cerdo Carrefour 500 g aprox,"1,89 €","4,50 €/kg",https://www.carrefour.es/supermercado/queso-de-untar-original-philadelphia-350-g-philadelphia/R-704404251/p
El mercado,Panecillos para perritos Bimbo 330 g.,"7,70 €","3,42 €/kg",https://www.carrefour.es/supermercado/pan-de-molde-grande-bimbo-375-g-bimbo/R-prod870001/p
El mercado,Tomate rama ecológico Carrefour Bio 500 g,"5,95 €","3,78 €/kg",https://www.carrefour.es/supermercado/pan-de-molde-grande-bimbo-375-g-bimbo/R-prod870001/p
El mercado,"Pollo campero limpio Calidad y Origen Carrefour 1,4 kg aprox","1,40 €","5,50 €/kg",https://www.carrefour.es/supermercado/menestra-de-verduras-carrefour-1-kg-carrefour/R-804031037/p
El mercado,Lomos salmón congelados Carrefour 480 g.,"3,25 €","12,40 €/kg",https://www.carrefour.es/supermercado/menestra-de-verduras-carrefour-1-kg-carrefour/R-804031037/p
El mercado,Mini quesitos Babybel pack de 12 unidades de 20 g.,"1,60 €","16,62 €/kg",https://www.carrefour.es/supermercado/pack-ahorro-finas-del-mar-2-x-200-g/R-VC4AECOMM-516845/p
El mercado,Picos gourmet Carrefour 130 g,"1,54 €","10,77 €/kg",https://www.carrefour.es/supermercado/pack-ahorro-finas-del-mar-2-x-200-g/R-VC4AECOMM-516845/p
El mercado,Aguacate maduro ecológico Carrefour Bio 500 g,"3,50 €","6,50 €/kg",https://www.carrefour.es/supermercado/ensalada-brotes-deluxe-carrefour-110-g-carrefour/R-625419757/p
El mercado,Bacon cocido y ahumado en lonchas sin lactosa 120 g,"2,50 €","13,33 €/kg",https://www.carrefour.es/supermercado/ensalada-brotes-deluxe-carrefour-110-g-carrefour/R-625419757/p
El mercado,Kiwi sungold ecológico Zepri 500 g,"3,49 €","6,98 €/kg",https://www.carrefour.es/supermercado/kiwi-sungold-ecologico-zepri-500-g-carrefour-bio/R-858900426/p
El mercado,Salchichas cocidas estilo Viena Wieners Oscar Mayer 200 g.,"1,06 €","5,30 €/kg",https://www.carrefour.es/supermercado/kiwi-sungold-ecologico-zepri-500-g-carrefour-bio/R-858900426/p
El mercado,Ajo sprint 500 g,"2,15 €","4,30 €/kg",https://www.carrefour.es/supermercado/salchichas-cocidas-estilo-viena-wieners-oscar-mayer-200-g-oscar-mayer/R-521031119/p
El mercado,Pechuga de Pollo Campero Entera Calidad y Origen Carrefour 450 g aprox,"5,38 €","11,95 €/kg",https://www.carrefour.es/supermercado/salchichas-cocidas-estilo-viena-wieners-oscar-mayer-200-g-oscar-mayer/R-521031119/p
El mercado,Pan de hamburguesa rústica XXL 4 ud,"1,65 €","4,12 €/kg",https://www.carrefour.es/supermercado/ajo-sprint-500-g/R-521031665/p
El mercado,Picatostes fritos sabor clásico Carrefour 75 g.,"0,56 €","7,47 €/kg",https://www.carrefour.es/supermercado/ajo-sprint-500-g/R-521031665/p
El mercado,Queso de untar light Carrefour 300 g.,"0,99 €","3,30 €/kg",https://www.carrefour.es/supermercado/pechuga-de-pollo-campero-entera-calidad-y-origen-carrefour-450-g-aprox-calidad-y-origen-carrefour/R-prod460412/p
El mercado,Masa de hojaldre rectangular tartas y respostería Buitoni 230 g.,"3,99 €","8,65 €/kg",https://www.carrefour.es/supermercado/pechuga-de-pollo-campero-entera-calidad-y-origen-carrefour-450-g-aprox-calidad-y-origen-carrefour/R-prod460412/p
El mercado,Tomate azul a granel 1 Kg aprox,"1,14 €","3,99 €/kg",https://www.carrefour.es/supermercado/pan-de-hamburguesa-rustica-xxl-4-ud/R-prod190377/p
El mercado,Masa Pizza Carrefour 260 g.,"3,99 €","4,38 €/kg",https://www.carrefour.es/supermercado/pan-de-hamburguesa-rustica-xxl-4-ud/R-prod190377/p
El mercado,Patata de galicia padro cachelo 3 Kg,"3,00 €","1,33 €/kg",https://www.carrefour.es/supermercado/picatostes-fritos-sabor-clasico-carrefour-75-g-carrefour/R-780048332/p
El mercado,Fuet casero El Pozo pack de 2 unidades de 150 g.,"1,40 €","10,00 €/kg",https://www.carrefour.es/supermercado/picatostes-fritos-sabor-clasico-carrefour-75-g-carrefour/R-780048332/p
El mercado,Salchichón extra loncheado Tello bipack 2 envases 120 g,"0,45 €","5,83 €/kg",https://www.carrefour.es/supermercado/queso-de-untar-light-carrefour-300-g-carrefour/R-804713850/p
El mercado,Barra de pan pistola Carrefour 250 g,"3,95 €","1,80 €/kg",https://www.carrefour.es/supermercado/queso-de-untar-light-carrefour-300-g-carrefour/R-804713850/p
El mercado,Chirimoya 1 Kg aprox,"0,70 €","3,95 €/kg",https://www.carrefour.es/supermercado/masa-de-hojaldre-rectangular-tartas-y-resposteria-buitoni-230-g-buitoni/R-745416204/p
El mercado,Ensaladilla Carrefour 1 kg.,"2,25 €","0,70 €/kg",https://www.carrefour.es/supermercado/masa-de-hojaldre-rectangular-tartas-y-resposteria-buitoni-230-g-buitoni/R-745416204/p
El mercado,Queso emmental taco Carrefour 250 g,"0,89 €","9,00 €/kg",https://www.carrefour.es/supermercado/promocion?promoId=promof2530060
El mercado,Magdalena redonda Casado 550 g.,"1,15 €","1,62 €/kg",https://www.carrefour.es/supermercado/tomate-azul-a-granel-1-kg-aprox/R-prod620041/p
El mercado,Mollete de Antequera mediano congelado El Antequerano 4 ud,"1,99 €","0,29 €/ud",https://www.carrefour.es/supermercado/tomate-azul-a-granel-1-kg-aprox/R-prod620041/p
El mercado,Jamón curado lonchas Navidul sin gluten pack de 2 unidades de 138 g.,"1,00 €","22,46 €/kg",https://www.carrefour.es/supermercado/masa-pizza-carrefour-260-g-carrefour/R-521030346/p
El mercado,Chorizo tradicional extra sarta Carrefour sin gluten 280 g.,"1,35 €","7,11 €/kg",https://www.carrefour.es/supermercado/masa-pizza-carrefour-260-g-carrefour/R-521030346/p
El mercado,Ensalada Baby Leaf Carrefour 70 g,"2,95 €","14,29 €/kg",https://www.carrefour.es/supermercado/patata-de-galicia-padro-cachelo-3-kg/R-521035057/p
El mercado,Patatas prefritas con piel Carrefour 600 g.,"0,90 €","1,50 €/kg",https://www.carrefour.es/supermercado/patatas-prefritas-con-piel-carrefour-600-g-carrefour/R-521031642/p
El mercado,Queso rallado emmental Especial pastas Président 150 g.,"2,00 €","13,33 €/kg",https://www.carrefour.es/supermercado/patatas-prefritas-con-piel-carrefour-600-g-carrefour/R-521031642/p
El mercado,Tomate rama Carrefour 500 g,"1,85 €","3,70 €/kg",https://www.carrefour.es/supermercado/queso-rallado-emmental-especial-pastas-president-150-g-president/R-521030776/p
El mercado,Solomillo de vacuno 500 g aprox,"9,97 €","19,95 €/kg",https://www.carrefour.es/supermercado/queso-rallado-emmental-especial-pastas-president-150-g-president/R-521030776/p
El mercado,Pechuga de Pavo braseada Campofrío Finissimas 115 g.,"1,86 €","16,17 €/kg",https://www.carrefour.es/supermercado/HuchaPromocion?promoId=huchaDisc420065
El mercado,"Pechuga de pollo Carrefour 1,2 kg aprox","1,30 €","3,99 €/kg",https://www.carrefour.es/supermercado/tomate-rama-carrefour-500-g-carrefour/R-prod1090035/p
El mercado,Hueso de vacuno Carrefour 450 g aprox,"0,92 €","2,90 €/kg",https://www.carrefour.es/supermercado/tomate-rama-carrefour-500-g-carrefour/R-prod1090035/p
El mercado,Mix rallado especial gratinado 200 g.,"1,69 €","4,60 €/kg",https://www.carrefour.es/supermercado/solomillo-de-vacuno-500-g-aprox-carrefour/R-867800666/p
El mercado,Calabaza ecológica a granel Carrefour Bio 1 kg aprox,"3,49 €","1,69 €/kg",https://www.carrefour.es/supermercado/solomillo-de-vacuno-500-g-aprox-carrefour/R-867800666/p
El mercado,Jamón serrano reserva en lonchas entera Carrefour sin lactosa 240 g.,"3,65 €","14,54 €/kg",https://www.carrefour.es/supermercado/pechuga-de-pavo-braseada-campofrio-finissimas-115-g-campofrio-finissimas/R-521033017/p
El mercado,Pechuga de pavo Braseado Campofrío Finissimas sin gluten 170 g.,"4,70 €","15,29 €/kg",https://www.carrefour.es/supermercado/pechuga-de-pavo-braseada-campofrio-finissimas-115-g-campofrio-finissimas/R-521033017/p
El mercado,Traseros de pollo certificado Carrefour 880 g aprox,"1,85 €","4,15 €/kg",https://www.carrefour.es/supermercado/pechuga-de-pollo-carrefour-1-2-kg-aprox-carrefour/R-644001825/p
El mercado,Lomos de merluza ultracongelados Pescanova 400 g.,"1,35 €","13,06 €/kg",https://www.carrefour.es/supermercado/pechuga-de-pollo-carrefour-1-2-kg-aprox-carrefour/R-644001825/p
El mercado,Jamón de cerdo troceado Carrefour 500 g aprox,"5,75 €","3,25 €/kg",https://www.carrefour.es/supermercado/hueso-de-vacuno-carrefour-450-g-aprox-carrefour/R-521032444/p
El mercado,Berenjena Carrefour Bio 2 Piezas,"2,31 €","3,70 €/kg",https://www.carrefour.es/supermercado/hueso-de-vacuno-carrefour-450-g-aprox-carrefour/R-521032444/p
El mercado,Tostadas mini extrafinas Bimbo 100 g.,"2,94 €","13,50 €/kg",https://www.carrefour.es/supermercado/mix-rallado-especial-gratinado-200-g-producto-blanco/R-685107065/p
El mercado,La auténtica La Gula del Norte 2 x 110 g,"2,74 €","26,14 €/kg",https://www.carrefour.es/supermercado/mix-rallado-especial-gratinado-200-g-producto-blanco/R-685107065/p
El mercado,"Patatas fritas clásicas congeladas Carrefour 2,5 kg.","2,58 €","0,92 €/kg",https://www.carrefour.es/supermercado/calabaza-ecologica-a-granel-carrefour-bio-1-kg-aprox/R-fprod1470244/p
El mercado,Jamón cocido extra en lonchas El Pozo sin lactosa 200 g.,"2,25 €","10,50 €/kg",https://www.carrefour.es/supermercado/calabaza-ecologica-a-granel-carrefour-bio-1-kg-aprox/R-fprod1470244/p
El mercado,Filetes finos de redondo de añojo Calidad y Origen Carrefor 300 g aprox,"2,90 €","9,80 €/kg",https://www.carrefour.es/supermercado/jamon-serrano-reserva-en-lonchas-entera-carrefour-sin-lactosa-240-g/R-VC4AECOMM-436279/p
El mercado,Tomate cherry pera ecológico 250 g,"1,15 €","4,60 €/kg",https://www.carrefour.es/supermercado/tomate-cherry-pera-ecologico-250-g-carrefour-bio/R-prod410179/p
El mercado,Berlina glace Donuts 4 ud.,"1,99 €","9,57 €/kg",https://www.carrefour.es/supermercado/tomate-cherry-pera-ecologico-250-g-carrefour-bio/R-prod410179/p
El mercado,Pan tostado clásico Carrefour 720 g.,"1,87 €","2,60 €/kg",https://www.carrefour.es/supermercado/berlina-glace-donuts-4-ud-donuts/R-715505820/p
El mercado,Mejillón fresco ecológico Carrefour Bio 1 kg,"1,89 €","1,89 €/kg",https://www.carrefour.es/supermercado/berlina-glace-donuts-4-ud-donuts/R-715505820/p
El mercado,Salchichas cocidas estilo Viena Wieners con queso Oscar Mayer 200 g.,"1,03 €","5,15 €/kg",https://www.carrefour.es/supermercado/pan-tostado-clasico-carrefour-720-g/R-VC4AECOMM-446769/p
El mercado,Ajo ecológico Carrefour Bio 3 uds,"1,45 €","1,45 €/ud",https://www.carrefour.es/supermercado/pan-tostado-clasico-carrefour-720-g/R-VC4AECOMM-446769/p
El mercado,Pan de molde con grano entero 12 cereales Bimbo-Oreweat 680 g.,"2,65 €","3,90 €/kg",https://www.carrefour.es/supermercado/mejillon-fresco-ecologico-carrefour-bio-1-kg-carrefour-bio/R-prod630151/p
El mercado,Regañás con sésamo y aceite de oliva virgen extra Carrefour sin lactosa 250 g.,"0,68 €","2,72 €/kg",https://www.carrefour.es/supermercado/mejillon-fresco-ecologico-carrefour-bio-1-kg-carrefour-bio/R-prod630151/p
El mercado,Ensalada gourmet Carrefour 320 g,"1,75 €","5,47 €/kg",https://www.carrefour.es/supermercado/salchichas-cocidas-estilo-viena-wieners-con-queso-oscar-mayer-200-g-oscar-mayer/R-521031123/p
El mercado,Chorizo casero extra sarta Palacios 250 g.,"3,46 €","13,84 €/kg",https://www.carrefour.es/supermercado/salchichas-cocidas-estilo-viena-wieners-con-queso-oscar-mayer-200-g-oscar-mayer/R-521031123/p
El mercado,Filetes de cinta de lomo de cerdo Carrefour 800 g aprox,"5,04 €","6,30 €/kg",https://www.carrefour.es/supermercado/ajo-ecologico-carrefour-bio-3-uds-carrefour-bio/R-646001855/p
El mercado,Filetes de bacalao ultracongelado Pescanova 400 g.,"6,25 €","15,62 €/kg",https://www.carrefour.es/supermercado/ajo-ecologico-carrefour-bio-3-uds-carrefour-bio/R-646001855/p
El mercado,Pan de molde integral sin corteza 8 cereales Bimbo Silueta 450 g.,"1,42 €","4,42 €/kg",https://www.carrefour.es/supermercado/pan-de-molde-con-grano-entero-12-cereales-bimbo-oreweat-680-g-bimbo-oroweat/R-754402172/p
El mercado,Bacon ahumado lonchas El Pozo 150 g.,"1,77 €","10,47 €/kg",https://www.carrefour.es/supermercado/pan-de-molde-con-grano-entero-12-cereales-bimbo-oreweat-680-g-bimbo-oroweat/R-754402172/p
El mercado,Filete de cabeza de lomo de cerdo Carrefour 450 g aprox,"3,99 €","3,60 €/kg",https://www.carrefour.es/supermercado/reganas-con-sesamo-y-aceite-de-oliva-virgen-extra-carrefour-sin-lactosa-250-g-carrefour/R-prod930222/p
El mercado,Endivia Carrefour 450 g,"4,50 €","3,16 €/kg",https://www.carrefour.es/supermercado/reganas-con-sesamo-y-aceite-de-oliva-virgen-extra-carrefour-sin-lactosa-250-g-carrefour/R-prod930222/p
El mercado,Seta Carrefour 250 g aprox,"1,60 €","7,10 €/kg",https://www.carrefour.es/supermercado/ensalada-gourmet-carrefour-320-g-carrefour/R-521032361/p
El mercado,Preparado de paella de marisco congelado 600 g,"2,35 €","6,65 €/kg",https://www.carrefour.es/supermercado/ensalada-gourmet-carrefour-320-g-carrefour/R-521032361/p
El mercado,Empanada rectangular de atún 700 g,"2,60 €","4,50 €/ud",https://www.carrefour.es/supermercado/chorizo-casero-extra-sarta-palacios-250-g-palacios/R-521030888/p
El mercado,Edamame vainas de soja Carrefour 500 g.,"2,49 €","3,20 €/kg",https://www.carrefour.es/supermercado/chorizo-casero-extra-sarta-palacios-250-g-palacios/R-521030888/p
El mercado,Naranja selecta 1 Kg,"4,90 €","2,35 €/kg",https://www.carrefour.es/supermercado/filetes-de-cinta-de-lomo-de-cerdo-carrefour-800-g-aprox-carrefour/R-521032487/p
El mercado,Crema de queso de untar light Philadelphia pack de 2 unidades de 250 g.,"1,15 €","7,78 €/kg",https://www.carrefour.es/supermercado/crema-de-queso-de-untar-light-philadelphia-pack-de-2-unidades-de-250-g-philadelphia/R-854600353/p
El mercado,Bollo con pepitas de chocolate con leche Weikis La Bella Easo 6 ud.,"1,55 €","7,96 €/kg",https://www.carrefour.es/supermercado/crema-de-queso-de-untar-light-philadelphia-pack-de-2-unidades-de-250-g-philadelphia/R-854600353/p
El mercado,Patatas congeladas extra finas Carrefour 1 kg.,"3,19 €","1,15 €/kg",https://www.carrefour.es/supermercado/promocion?promoId=promof2530102
El mercado,Queso blanco pasteurizado natural suave Carrefour pack de 2 unidades de 250 g.,"4,40 €","3,10 €/kg",https://www.carrefour.es/supermercado/bollo-con-pepitas-de-chocolate-con-leche-weikis-la-bella-easo-6-ud-la-bella-easo/R-521007263/p
El mercado,Pechuga de Pavo marinada al pimentón Aldelís 500 g aprox,"2,01 €","6,39 €/kg",https://www.carrefour.es/supermercado/bollo-con-pepitas-de-chocolate-con-leche-weikis-la-bella-easo-6-ud-la-bella-easo/R-521007263/p
El mercado,Chorizo oreado sin aditivos Carrefour 400 g,"4,30 €","11,00 €/kg",https://www.carrefour.es/supermercado/promocion?promoId=promof2530082
El mercado,Queso rallado mozzarella y provolone Miraflores 150 g.,"4,99 €","13,40 €/kg",https://www.carrefour.es/supermercado/patatas-congeladas-extra-finas-carrefour-1-kg-carrefour/R-521031644/p
El mercado,Salchichas frescas de pollo de corral Coren 350 g,"3,50 €","12,29 €/kg",https://www.carrefour.es/supermercado/patatas-congeladas-extra-finas-carrefour-1-kg-carrefour/R-521031644/p
El mercado,"Mandarina 1,5 kg","0,99 €","3,33 €/kg",https://www.carrefour.es/supermercado/queso-blanco-pasteurizado-natural-suave-carrefour-pack-de-2-unidades-de-250-g-carrefour/R-521030549/p
El mercado,Pechuga de pavo Campofrío al corte 150 g aprox,"1,89 €","8,95 €/kg",https://www.carrefour.es/supermercado/queso-blanco-pasteurizado-natural-suave-carrefour-pack-de-2-unidades-de-250-g-carrefour/R-521030549/p
El mercado,Langostino cocido (30/40 ud) 500 g aprox,"1,59 €","8,95 €/kg",https://www.carrefour.es/supermercado/pechuga-de-pavo-marinada-al-pimenton-aldelis-500-g-aprox-kovo/R-805505307/p
El mercado,Hamburguesa de pavo y pollo sin lactosa Carrefour 6x90 g,"2,05 €","6,48 €/kg",https://www.carrefour.es/supermercado/pechuga-de-pavo-marinada-al-pimenton-aldelis-500-g-aprox-kovo/R-805505307/p
El mercado,Queso fresco batido 0% m.g Carrefour 500 g.,"3,25 €","1,98 €/kg",https://www.carrefour.es/supermercado/chorizo-oreado-sin-aditivos-carrefour-400-g-carrefour/R-prod420144/p
El mercado,Pechuga de pollo al horno en tiras Carrefour sin gluten 140 g.,"0,95 €","13,50 €/kg",https://www.carrefour.es/supermercado/chorizo-oreado-sin-aditivos-carrefour-400-g-carrefour/R-prod420144/p
El mercado,Zanahoria manojo de 750 g,"0,99 €","2,12 €/kg",https://www.carrefour.es/supermercado/queso-rallado-mozzarella-y-provolone-miraflores-150-g-miraflores/R-819256172/p
El mercado,Espetec extra Casa Tarradellas 185 g.,"1,89 €","11,39 €/kg",https://www.carrefour.es/supermercado/queso-rallado-mozzarella-y-provolone-miraflores-150-g-miraflores/R-819256172/p
El mercado,Queso camembert cremoso Carrefour 250 g,"1,25 €","7,16 €/kg",https://www.carrefour.es/supermercado/promocion?promoId=promof2530090
El mercado,Kiwi selecta Zespri 500 g,"1,82 €","0,81 €/ud",https://www.carrefour.es/supermercado/salchichas-frescas-de-pollo-de-corral-coren-350-g-coren/R-prod720728/p
El mercado,Patatas baby para microondas 400 g,"2,30 €","2,37 €/kg",https://www.carrefour.es/supermercado/salchichas-frescas-de-pollo-de-corral-coren-350-g-coren/R-prod720728/p
El mercado,Lima Carrefour 300 g,"1,00 €","3,33 €/kg",https://www.carrefour.es/supermercado/lima-carrefour-300-g/R-VC4AECOMM-485748/p
El mercado,"Traseros de pollo Carrefour 1,6 kg aprox","1,00 €","1,95 €/kg",https://www.carrefour.es/supermercado/lima-carrefour-300-g/R-VC4AECOMM-485748/p
El mercado,Salchichas cocidas de pavo 'Todo Ave' Oscar Mayer 200 g.,"3,00 €","5,00 €/kg",https://www.carrefour.es/supermercado/traseros-de-pollo-carrefour-1-6-kg-aprox-carrefour/R-644001819/p
El mercado,Tortilla de patata con cebolla 600 g,"1,52 €","3,00 €/ud",https://www.carrefour.es/supermercado/traseros-de-pollo-carrefour-1-6-kg-aprox-carrefour/R-644001819/p
El mercado,"Chorizo pamplona en lonchas Carrefour pack de 2 unidades de 112,5 g.","2,00 €","6,76 €/kg",https://www.carrefour.es/supermercado/salchichas-cocidas-de-pavo-todo-ave-oscar-mayer-200-g-oscar-mayer/R-521031129/p
El mercado,Cocktail de picos de pan 500 g,"0,69 €","4,00 €/kg",https://www.carrefour.es/supermercado/salchichas-cocidas-de-pavo-todo-ave-oscar-mayer-200-g-oscar-mayer/R-521031129/p
El mercado,Ensaimada Carrefour 220 g.,"2,25 €","3,14 €/kg",https://www.carrefour.es/supermercado/tortilla-de-patata-con-cebolla-600-g-palacios/R-538003214/p
El mercado,Jamón cocido extra en lonchas sin gluten y sin lactosa 180 g,"9,09 €","12,50 €/kg",https://www.carrefour.es/supermercado/tortilla-de-patata-con-cebolla-600-g-palacios/R-538003214/p
El mercado,Salmón ahumado noruego Carrefour pack de 2 unidades de 180 g.,"1,99 €","25,25 €/kg",https://www.carrefour.es/supermercado/HuchaPromocion?promoId=huchaDisc440022
El mercado,Cebolla dulce 1 Kg,"5,50 €","1,99 €/kg",https://www.carrefour.es/supermercado/chorizo-pamplona-en-lonchas-carrefour-pack-de-2-unidades-de-112-5-g-carrefour/R-522714826/p
El mercado,Medallones de filete de merluza Pescanova 400 g.,"0,99 €","13,75 €/kg",https://www.carrefour.es/supermercado/chorizo-pamplona-en-lonchas-carrefour-pack-de-2-unidades-de-112-5-g-carrefour/R-522714826/p
El mercado,Pechuga de pavo en finas lonchas El Pozo Bienstar 85 g.,"1,49 €","10,89 €/kg",https://www.carrefour.es/supermercado/cocktail-de-picos-de-pan-500-g/R-604204035/p
El mercado,Judía troceada Carrefour 1 kg.,"4,60 €","0,99 €/kg",https://www.carrefour.es/supermercado/cocktail-de-picos-de-pan-500-g/R-604204035/p
El mercado,Naranja selecta 1 Kg aprox,"0,59 €","1,79 €/kg",https://www.carrefour.es/supermercado/ensaimada-carrefour-220-g-carrefour/R-521007269/p
El mercado,Pimiento rojo Carrefour a granel 1 kg aprox,"1,59 €","1,49 €/kg",https://www.carrefour.es/supermercado/ensaimada-carrefour-220-g-carrefour/R-521007269/p
El mercado,Preparado de Carne Picada de Cerdo Carrefour doble seno 900 g,"0,92 €","5,11 €/kg",https://www.carrefour.es/supermercado/jamon-cocido-extra-en-lonchas-sin-gluten-y-sin-lactosa-180-g/R-VC4AECOMM-445645/p
El mercado,Biscottes mini normales Carrefour 120 g.,"2,55 €","4,92 €/kg",https://www.carrefour.es/supermercado/jamon-cocido-extra-en-lonchas-sin-gluten-y-sin-lactosa-180-g/R-VC4AECOMM-445645/p
El mercado,Queso rallado 4 Quesos Président 150 g.,"2,99 €","12,40 €/kg",https://www.carrefour.es/supermercado/salmon-ahumado-noruego-carrefour-pack-de-2-unidades-de-180-g-carrefour/R-fprod1360268/p
El mercado,Cebolla echalotte Carrefour 250 g,"1,20 €","6,36 €/kg",https://www.carrefour.es/supermercado/salmon-ahumado-noruego-carrefour-pack-de-2-unidades-de-180-g-carrefour/R-fprod1360268/p
El mercado,"Alas de pollo Carrefour 1,4 kg aprox","0,82 €","3,45 €/kg",https://www.carrefour.es/supermercado/alas-de-pollo-carrefour-1-4-kg-aprox-carrefour/R-644001821/p
El mercado,Palmeras crujientes Carrefour 270 g.,"1,54 €","3,04 €/kg",https://www.carrefour.es/supermercado/alas-de-pollo-carrefour-1-4-kg-aprox-carrefour/R-644001821/p
El mercado,Magdalenas Valencianas Casado 24 ud.,"3,37 €","2,20 €/kg",https://www.carrefour.es/supermercado/palmeras-crujientes-carrefour-270-g-carrefour/R-786081639/p
El mercado,Solomillo de pollo marinado empanado Extratiernos ElPozo 500 g,"1,04 €","6,75 €/kg",https://www.carrefour.es/supermercado/palmeras-crujientes-carrefour-270-g-carrefour/R-786081639/p
El mercado,Queso fresco de Burgos Carrefour 150 g aprox,"1,56 €","6,95 €/kg",https://www.carrefour.es/supermercado/magdalenas-valencianas-casado-24-ud-casado/R-819256724/p
El mercado,Salchichón Ibérico extra en lonchas Carrefour sin gluten 100 g.,"2,70 €","15,60 €/kg",https://www.carrefour.es/supermercado/magdalenas-valencianas-casado-24-ud-casado/R-819256724/p
El mercado,Queso de untar light Philadelphia 350 g.,"2,99 €","7,71 €/kg",https://www.carrefour.es/supermercado/solomillo-de-pollo-marinado-empanado-extratiernos-elpozo-500-g-elpozo/R-826005231/p
El mercado,Queso tierno en lonchas El Ventero 200 g.,"2,80 €","14,95 €/kg",https://www.carrefour.es/supermercado/solomillo-de-pollo-marinado-empanado-extratiernos-elpozo-500-g-elpozo/R-826005231/p
El mercado,Masa de pizza finissima Maxi Buitoni 385 g.,"1,56 €","8,00 €/kg",https://www.carrefour.es/supermercado/queso-fresco-de-burgos-carrefour-150-g-aprox-carrefour/R-603504386/p
El mercado,Chorizo Ibérico extra en lonchas Carrefour sin gluten 100 g.,"2,45 €","15,60 €/kg",https://www.carrefour.es/supermercado/queso-fresco-de-burgos-carrefour-150-g-aprox-carrefour/R-603504386/p
El mercado,Chuleta de pavo Carrefour 500 g aprox,"5,95 €","4,90 €/kg",https://www.carrefour.es/supermercado/salchichon-iberico-extra-en-lonchas-carrefour-sin-gluten-100-g-carrefour/R-521030859/p
El mercado,Queso parmesano reggiano D.O.P. Parmeggio Hispano Italiana 200 g,"6,36 €","29,75 €/kg",https://www.carrefour.es/supermercado/salchichon-iberico-extra-en-lonchas-carrefour-sin-gluten-100-g-carrefour/R-521030859/p
El mercado,Preparado de cocido con morcillo Carrefour 800 g aprox,"1,99 €","7,95 €/kg",https://www.carrefour.es/supermercado/queso-de-untar-light-philadelphia-350-g-philadelphia/R-704404249/p
El mercado,Feta griega Carrefour 200 g.,"1,35 €","9,95 €/kg",https://www.carrefour.es/supermercado/queso-de-untar-light-philadelphia-350-g-philadelphia/R-704404249/p
El mercado,Judía fina flow pack 250 g,"1,94 €","5,40 €/kg",https://www.carrefour.es/supermercado/queso-tierno-en-lonchas-el-ventero-200-g-el-ventero/R-521030521/p
El mercado,Entrecot de vacuno para la piedra 500 g aprox,"2,67 €","10,50 €/kg",https://www.carrefour.es/supermercado/queso-tierno-en-lonchas-el-ventero-200-g-el-ventero/R-521030521/p
El mercado,Jamón cocido en finas lochas Casa Tarradellas 125 g.,"1,15 €","15,52 €/kg",https://www.carrefour.es/supermercado/masa-de-pizza-finissima-maxi-buitoni-385-g-buitoni/R-800766466/p
El mercado,Papaya 500 g aprox,"0,75 €","5,35 €/kg",https://www.carrefour.es/supermercado/masa-de-pizza-finissima-maxi-buitoni-385-g-buitoni/R-800766466/p
El mercado,Albahaca cortada Carrefour 20 g,"1,60 €","57,50 €/kg",https://www.carrefour.es/supermercado/chorizo-iberico-extra-en-lonchas-carrefour-sin-gluten-100-g-carrefour/R-521030936/p
El mercado,Baguette precocida Carrefour pack de 2 unidades de 150 g.,"1,61 €","2,50 €/kg",https://www.carrefour.es/supermercado/chorizo-iberico-extra-en-lonchas-carrefour-sin-gluten-100-g-carrefour/R-521030936/p
El mercado,Taquitos de jamón serrano Navidul sin gluten 120 g.,"1,65 €","16,67 €/kg",https://www.carrefour.es/supermercado/chuleta-de-pavo-carrefour-500-g-aprox-carrefour/R-prod920185/p
El mercado,Pan de molde integral sin corteza Carrefour 450 g.,"0,99 €","2,20 €/kg",https://www.carrefour.es/supermercado/pan-de-molde-integral-sin-corteza-carrefour-450-g/R-VC4AECOMM-436738/p
El mercado,Carne picada de cerdo Ibérico Legado ElPozo 400 g,"2,85 €","7,12 €/kg",https://www.carrefour.es/supermercado/pan-de-molde-integral-sin-corteza-carrefour-450-g/R-VC4AECOMM-436738/p
El mercado,Jamón cocido extra lonchas finas y enteras Argal Bonnatur sin gluten sin lactosa 140 g.,"2,10 €","15,00 €/kg",https://www.carrefour.es/supermercado/carne-picada-de-cerdo-iberico-legado-elpozo-400-g-legado-elpozo/R-607902468/p
El mercado,"Queso semicurado mezcla Granja de la Luz cuña 1/8, 375 g aprox","3,08 €","8,20 €/kg",https://www.carrefour.es/supermercado/carne-picada-de-cerdo-iberico-legado-elpozo-400-g-legado-elpozo/R-607902468/p
El mercado,Pan de la abuela integral 100%,"0,99 €","2,75 €/kg",https://www.carrefour.es/supermercado/jamon-cocido-extra-lonchas-finas-y-enteras-argal-bonnatur-sin-gluten-sin-lactosa-140-g-argal-bonnatur/R-795189296/p
El mercado,Jamón serrano reserva medias lonchas Carrefour sin lactosa 70 g.,"0,99 €","14,14 €/kg",https://www.carrefour.es/supermercado/jamon-cocido-extra-lonchas-finas-y-enteras-argal-bonnatur-sin-gluten-sin-lactosa-140-g-argal-bonnatur/R-795189296/p
El mercado,Queso desnatado fresco Burgo de Arias pack de 6 unidades de 72 g.,"3,95 €","9,14 €/kg",https://www.carrefour.es/supermercado/queso-semicurado-mezcla-granja-de-la-luz-cuna-1-8-375-g-aprox-granja-la-luz/R-824405427/p
El mercado,Guisante fino Findus 400 g.,"4,62 €","4,12 €/kg",https://www.carrefour.es/supermercado/queso-semicurado-mezcla-granja-de-la-luz-cuna-1-8-375-g-aprox-granja-la-luz/R-824405427/p
El mercado,Chuleta de Sajonia 500 g aprox,"2,25 €","9,25 €/kg",https://www.carrefour.es/supermercado/promocion?promoId=promof2560127
El mercado,Mora de España Onuba Fruit 125 g,"1,45 €","18,00 €/kg",https://www.carrefour.es/supermercado/pan-de-la-abuela-integral-100/R-VC4AECOMM-550656/p
El mercado,Corazón de lechuga romana 650 g,"2,89 €","0,72 €/ud",https://www.carrefour.es/supermercado/pan-de-la-abuela-integral-100/R-VC4AECOMM-550656/p
El mercado,Pechuga de pavo en lonchas finas bajo contenido en grasas y reducido en sal Carefour sin gluten pack de 2 unidades de 200 g.,"2,69 €","7,22 €/kg",https://www.carrefour.es/supermercado/jamon-serrano-reserva-medias-lonchas-carrefour-sin-lactosa-70-g/R-VC4AECOMM-436278/p
El mercado,Pimiento rojo ecológico Carrefour Bio 400 g,"1,99 €","6,72 €/kg",https://www.carrefour.es/supermercado/jamon-serrano-reserva-medias-lonchas-carrefour-sin-lactosa-70-g/R-VC4AECOMM-436278/p
El mercado,Hogaza de masa madre The Rustik Bakery 450 g.,"3,06 €","4,42 €/kg",https://www.carrefour.es/supermercado/queso-desnatado-fresco-burgo-de-arias-pack-de-6-unidades-de-72-g-burgo-de-arias/R-526501342/p
El mercado,Filetes de tapa o contra de Añojo Calidad y Origen Carrefour 300 g aprox,"1,15 €","10,20 €/kg",https://www.carrefour.es/supermercado/queso-desnatado-fresco-burgo-de-arias-pack-de-6-unidades-de-72-g-burgo-de-arias/R-526501342/p
El mercado,Corazón de escarola Carrefour 150 g,"1,64 €","7,67 €/kg",https://www.carrefour.es/supermercado/guisante-fino-findus-400-g-findus/R-617901853/p
El mercado,Mortadela con aceitunas lonchas El Pozo sin gluten 225 g.,"0,99 €","7,29 €/kg",https://www.carrefour.es/supermercado/guisante-fino-findus-400-g-findus/R-617901853/p
El mercado,Zanahoria ecológica granel 500 g aprox,"0,77 €","1,99 €/kg",https://www.carrefour.es/supermercado/promocion?promoId=promof2530083
El mercado,Zanahoria baby Carrefour 400 g.,"2,00 €","1,92 €/kg",https://www.carrefour.es/supermercado/chuleta-de-sajonia-500-g-aprox/R-VC4AECOMM-503736/p
El mercado,Hogaza de pan natural 100% rebanada 500 g,"0,59 €","4,00 €/kg",https://www.carrefour.es/supermercado/chuleta-de-sajonia-500-g-aprox/R-VC4AECOMM-503736/p
El mercado,Pan de molde con corteza Carrefour 460 g.,"2,40 €","1,28 €/kg",https://www.carrefour.es/supermercado/mora-de-espana-onuba-fruit-125-g-carrefour/R-521032199/p
El mercado,Lomo curado embuchado loncheado Embutidos España bipack (2x75g) envase 150 g,"1,79 €","16,00 €/kg",https://www.carrefour.es/supermercado/mora-de-espana-onuba-fruit-125-g-carrefour/R-521032199/p
El mercado,Bacon ahumado cocido 200 g,"1,19 €","8,95 €/kg",https://www.carrefour.es/supermercado/corazon-de-lechuga-romana-650-g-carrefour/R-521032315/p
El mercado,Queso fundido 24 porciones Carrefour Kids 400 g.,"1,42 €","3,55 €/kg",https://www.carrefour.es/supermercado/queso-fundido-24-porciones-carrefour-kids-400-g-carrefour-kids/R-521007332/p
El mercado,Queso mozzarella Italiana light Galbani 125 g.,"1,43 €","11,44 €/kg",https://www.carrefour.es/supermercado/queso-fundido-24-porciones-carrefour-kids-400-g-carrefour-kids/R-521007332/p
El mercado,Constramuslo de pavo fileteado Carrefour 500 g aprox,"2,97 €","5,95 €/kg",https://www.carrefour.es/supermercado/queso-mozzarella-italiana-light-galbani-125-g-galbani/R-522714316/p
El mercado,Panecillo integral 51% Carrefour 5 ud,"1,00 €","0,20 €/ud",https://www.carrefour.es/supermercado/queso-mozzarella-italiana-light-galbani-125-g-galbani/R-522714316/p
El mercado,Taquitos de chorizo extra Carrefour sin gluten 100 g.,"1,15 €","11,50 €/kg",https://www.carrefour.es/supermercado/constramuslo-de-pavo-fileteado-carrefour-500-g-aprox-carrefour/R-prod920180/p
El mercado,Chorizo dulce sin gluten 200 g.,"1,28 €","6,40 €/kg",https://www.carrefour.es/supermercado/constramuslo-de-pavo-fileteado-carrefour-500-g-aprox-carrefour/R-prod920180/p
El mercado,Tinta de sepia congelada 2 ud de 4 g,"0,29 €","0,29 €/ud",https://www.carrefour.es/supermercado/panecillo-integral-51-carrefour-5-ud-carrefour/R-837617109/p
El mercado,Kiwi ecológico Zespri 500 g,"2,39 €","4,78 €/kg",https://www.carrefour.es/supermercado/panecillo-integral-51-carrefour-5-ud-carrefour/R-837617109/p
El mercado,Mortadela de pavo en lonchas El Pozo sin gluten 225 g.,"1,78 €","7,91 €/kg",https://www.carrefour.es/supermercado/taquitos-de-chorizo-extra-carrefour-sin-gluten-100-g-carrefour/R-530363222/p
El mercado,Jamoncitos de pollo Carrefour 500 g aprox,"2,57 €","5,15 €/kg",https://www.carrefour.es/supermercado/taquitos-de-chorizo-extra-carrefour-sin-gluten-100-g-carrefour/R-530363222/p
El mercado,Chorizo picante extra sarta Carrefour sin gluten 280 g.,"1,99 €","7,11 €/kg",https://www.carrefour.es/supermercado/chorizo-dulce-sin-gluten-200-g-producto-blanco/R-871900849/p
El mercado,Pata de pulpo cocido 300 g,"9,95 €","33,17 €/kg",https://www.carrefour.es/supermercado/chorizo-dulce-sin-gluten-200-g-producto-blanco/R-871900849/p
El mercado,Lomo de salmón congelado Friusa 300 g,"8,95 €","29,83 €/kg",https://www.carrefour.es/supermercado/tinta-de-sepia-congelada-2-ud-de-4-g/R-prod64592/p
El mercado,Berlina Glacé Donuts 8 ud.,"3,25 €","7,81 €/kg",https://www.carrefour.es/supermercado/tinta-de-sepia-congelada-2-ud-de-4-g/R-prod64592/p
El mercado,Tomate ensalada 700 g,"1,46 €","2,09 €/kg",https://www.carrefour.es/supermercado/kiwi-ecologico-zespri-500-g-carrefour-bio/R-699308899/p
El mercado,Coles de Bruselas Carrefour 450 g.,"0,79 €","1,76 €/kg",https://www.carrefour.es/supermercado/kiwi-ecologico-zespri-500-g-carrefour-bio/R-699308899/p
El mercado,Chuletón de vacuno 1 Kg aprox,"0,83 €","10,50 €/kg",https://www.carrefour.es/supermercado/mortadela-de-pavo-en-lonchas-el-pozo-sin-gluten-225-g-elpozo/R-521033145/p
El mercado,Pechuga de pavo braseada El Pozo Edición 1954 al corte sin gluten y sin lactosa 150 g aprox,"1,25 €","7,95 €/kg",https://www.carrefour.es/supermercado/mortadela-de-pavo-en-lonchas-el-pozo-sin-gluten-225-g-elpozo/R-521033145/p
El mercado,Patatas fritas corte fino para horno Carrefour 600 g.,"1,99 €","1,38 €/kg",https://www.carrefour.es/supermercado/promocion?promoId=promof2530057
El mercado,Kale Carrefour 200 g,"2,71 €","6,25 €/kg",https://www.carrefour.es/supermercado/jamoncitos-de-pollo-carrefour-500-g-aprox-carrefour/R-prod1020234/p
El mercado,Queso en porciones Light La Vaca que ríe 24 ud.,"1,18 €","8,08 €/kg",https://www.carrefour.es/supermercado/jamoncitos-de-pollo-carrefour-500-g-aprox-carrefour/R-prod1020234/p
El mercado,Media gallina Nutrave 600 g aprox,"2,01 €","3,35 €/kg",https://www.carrefour.es/supermercado/media-gallina-nutrave-600-g-aprox-nutrave/R-608101557/p
El mercado,Nuggets de pollo 320 g,"2,00 €","2,00 €/ud",https://www.carrefour.es/supermercado/media-gallina-nutrave-600-g-aprox-nutrave/R-608101557/p
El mercado,Salmón ahumado Royal 100 g.,"5,40 €","54,00 €/kg",https://www.carrefour.es/supermercado/nuggets-de-pollo-320-g-carrefour/R-677310443/p
El mercado,Pepino ecológico Carrefour Bio 700 g,"1,85 €","2,64 €/kg",https://www.carrefour.es/supermercado/nuggets-de-pollo-320-g-carrefour/R-677310443/p
El mercado,Frambruesa Carrefour 250 g,"3,11 €","12,44 €/kg",https://www.carrefour.es/supermercado/salmon-ahumado-royal-100-g-royal/R-521007429/p
El mercado,Tomate bola ecológico Carrefour Bio 500 g,"1,65 €","3,30 €/kg",https://www.carrefour.es/supermercado/salmon-ahumado-royal-100-g-royal/R-521007429/p
El mercado,Queso azul semicurado Carrefour cuña de 180 g,"1,70 €","9,44 €/kg",https://www.carrefour.es/supermercado/pepino-ecologico-carrefour-bio-700-g-carrefour-bio/R-prod64611/p
El mercado,Hamburguesa mini añojo Calidad y Origen Carrefour 360 g,"2,99 €","8,31 €/kg",https://www.carrefour.es/supermercado/pepino-ecologico-carrefour-bio-700-g-carrefour-bio/R-prod64611/p
El mercado,Queso en porciones El Caserío 375 g.,"2,50 €","6,67 €/kg",https://www.carrefour.es/supermercado/frambruesa-carrefour-250-g/R-VC4AECOMM-457417/p
El mercado,Tostadas mini redondas extrafinas Bimbo 100 g.,"1,35 €","13,50 €/kg",https://www.carrefour.es/supermercado/frambruesa-carrefour-250-g/R-VC4AECOMM-457417/p
El mercado,Napolitana Chocolate Carrefour 320 g.,"0,99 €","3,09 €/kg",https://www.carrefour.es/supermercado/tomate-bola-ecologico-carrefour-bio-500-g-carrefour-bio/R-600709180/p
El mercado,Manzana golden ecológica bandeja 4 ud 600 g,"2,49 €","4,15 €/kg",https://www.carrefour.es/supermercado/tomate-bola-ecologico-carrefour-bio-500-g-carrefour-bio/R-600709180/p
El mercado,Centro jamón serrano Gran Reserva Carrefour al corte 150 g aprox,"3,29 €","21,95 €/kg",https://www.carrefour.es/supermercado/queso-azul-semicurado-carrefour-cuna-de-180-g/R-VC4AECOMM-477756/p
El mercado,Crackers integrales Carrefour 250 g.,"0,93 €","3,72 €/kg",https://www.carrefour.es/supermercado/queso-azul-semicurado-carrefour-cuna-de-180-g/R-VC4AECOMM-477756/p
El mercado,"Queso puro de oveja viejo graso Flor de Esgueva cuña 1/8, 410 g aprox","1,64 €","13,95 €/kg",https://www.carrefour.es/supermercado/hamburguesa-mini-anojo-calidad-y-origen-carrefour-360-g/R-VC4AECOMM-578300/p
El mercado,Queso tierno barra Larsa al corte 150 g aprox,"7,47 €","10,95 €/kg",https://www.carrefour.es/supermercado/hamburguesa-mini-anojo-calidad-y-origen-carrefour-360-g/R-VC4AECOMM-578300/p
El mercado,Filete 1ªA de carne de Guadarrama 500 g aprox,"1,50 €","14,95 €/kg",https://www.carrefour.es/supermercado/queso-en-porciones-el-caserio-375-g-el-caserio/R-521030598/p
El mercado,Repollo rizado 1 Kg,"1,56 €","1,00 €/kg",https://www.carrefour.es/supermercado/queso-en-porciones-el-caserio-375-g-el-caserio/R-521030598/p
El mercado,Masa fresca pizza Casa Tarradellas 260 g.,"1,19 €","6,00 €/kg",https://www.carrefour.es/supermercado/tostadas-mini-redondas-extrafinas-bimbo-100-g-bimbo/R-521002574/p
El mercado,Lechuga batavia verde 1 ud,"2,10 €","1,19 €/ud",https://www.carrefour.es/supermercado/tostadas-mini-redondas-extrafinas-bimbo-100-g-bimbo/R-521002574/p
El mercado,Salchichas Jumbo de queso con bacon Oscar Mayer 350 g.,"3,15 €","6,27 €/kg",https://www.carrefour.es/supermercado/napolitana-chocolate-carrefour-320-g-carrefour/R-521007237/p
El mercado,Contramuslo de pollo fileteado Carrefour 500 g aprox,"1,11 €","6,30 €/kg",https://www.carrefour.es/supermercado/napolitana-chocolate-carrefour-320-g-carrefour/R-521007237/p
El mercado,Magdalenas Valenciana DulceSol 350 g.,"2,50 €","3,17 €/kg",https://www.carrefour.es/supermercado/manzana-golden-ecologica-bandeja-4-ud-600-g-carrefour-bio/R-589705758/p
El mercado,Manzana roja ecológica bandeja 4 ud 600 g,"1,65 €","0,41 €/ud",https://www.carrefour.es/supermercado/manzana-roja-ecologica-bandeja-4-ud-600-g-carrefour-bio/R-589705752/p
El mercado,Pechuga de pavo bajo en grasa y sal loncheada Noel envase 180 g,"2,10 €","12,35 €/kg",https://www.carrefour.es/supermercado/manzana-roja-ecologica-bandeja-4-ud-600-g-carrefour-bio/R-589705752/p
El mercado,Anguriñas Pescanova pack de 2 unidades de 100 g.,"2,00 €","10,00 €/kg",https://www.carrefour.es/supermercado/pechuga-de-pavo-bajo-en-grasa-y-sal-loncheada-noel-envase-180-g-noel/R-prod63744/p
El mercado,Apio verde manojo de 1 Kg,"1,95 €","1,95 €/kg",https://www.carrefour.es/supermercado/pechuga-de-pavo-bajo-en-grasa-y-sal-loncheada-noel-envase-180-g-noel/R-prod63744/p
El mercado,Pan rallado clásico Gallo sin lactosa 500 g.,"0,83 €","1,66 €/kg",https://www.carrefour.es/supermercado/angurinas-pescanova-pack-de-2-unidades-de-100-g-pescanova/R-prod67481/p
El mercado,Tortilla de patata con cebolla 300 g,"2,00 €","6,67 €/kg",https://www.carrefour.es/supermercado/angurinas-pescanova-pack-de-2-unidades-de-100-g-pescanova/R-prod67481/p
El mercado,Queso fresco burrata Toscanella tarrina de 150 g.,"2,30 €","15,33 €/kg",https://www.carrefour.es/supermercado/apio-verde-manojo-de-1-kg/R-521031385/p
El mercado,Surtido de tomate cherry La Caña 250 g,"1,29 €","5,16 €/kg",https://www.carrefour.es/supermercado/apio-verde-manojo-de-1-kg/R-521031385/p
El mercado,Queso Manchego de oveja Don Julián curado viejo D.O.P. Sanabria cuña de 250 g,"2,95 €","14,75 €/kg",https://www.carrefour.es/supermercado/pan-rallado-clasico-gallo-sin-lactosa-500-g-gallo/R-638701941/p
El mercado,Salchichas con queso Carrefour 200 g.,"0,60 €","3,00 €/kg",https://www.carrefour.es/supermercado/pan-rallado-clasico-gallo-sin-lactosa-500-g-gallo/R-638701941/p
El mercado,Rabo de vacuno 500 g aprox,"4,97 €","9,95 €/kg",https://www.carrefour.es/supermercado/tortilla-de-patata-con-cebolla-300-g-palacios/R-589807762/p
El mercado,Tortas de aceite Inés Rosales 180 g.,"1,39 €","7,72 €/kg",https://www.carrefour.es/supermercado/tortilla-de-patata-con-cebolla-300-g-palacios/R-589807762/p
El mercado,Palitos de mar 400 g,"4,99 €","12,47 €/kg",https://www.carrefour.es/supermercado/HuchaPromocion?promoId=huchaDisc440022
El mercado,Queso fresco de cabra El Abuelo 300 g.,"2,40 €","8,00 €/kg",https://www.carrefour.es/supermercado/queso-fresco-burrata-toscanella-tarrina-de-150-g-toscanella/R-prod830208/p
El mercado,Espinacas cortadas Carrefour 1 kg.,"1,19 €","1,19 €/kg",https://www.carrefour.es/supermercado/queso-fresco-burrata-toscanella-tarrina-de-150-g-toscanella/R-prod830208/p
El mercado,Mini fuet Snack'in Campofrío 50 g.,"1,14 €","22,80 €/kg",https://www.carrefour.es/supermercado/surtido-de-tomate-cherry-la-cana-250-g/R-VC4AECOMM-443165/p
El mercado,Queso emmental Carrefour 200 g.,"1,57 €","7,85 €/kg",https://www.carrefour.es/supermercado/surtido-de-tomate-cherry-la-cana-250-g/R-VC4AECOMM-443165/p
El mercado,"Mini taquitos de jamón curado Espuña 2x50g, 100 g","1,90 €","19,00 €/kg",https://www.carrefour.es/supermercado/queso-manchego-de-oveja-don-julian-curado-viejo-dop-sanabria-cuna-de-250-g/R-VC4AECOMM-585027/p
El mercado,Guacamole Carrefour 500 g,"3,29 €","6,58 €/kg",https://www.carrefour.es/supermercado/queso-manchego-de-oveja-don-julian-curado-viejo-dop-sanabria-cuna-de-250-g/R-VC4AECOMM-585027/p
El mercado,Menestra de verduras Findus 1 kg.,"3,74 €","3,74 €/kg",https://www.carrefour.es/supermercado/promocion?promoId=promof2550032
El mercado,Pollo certificado limpio Carrefour 2 kg,"2,09 €","2,99 €/kg",https://www.carrefour.es/supermercado/salchichas-con-queso-carrefour-200-g-carrefour/R-521031113/p
El mercado,Baguetinas congeladas Maheso pack de 4 unidades de 125 g.,"2,55 €","4,18 €/kg",https://www.carrefour.es/supermercado/salchichas-con-queso-carrefour-200-g-carrefour/R-521031113/p
El mercado,Alas de pollo congeladas 1 kg,"0,80 €","2,55 €/kg",https://www.carrefour.es/supermercado/rabo-de-vacuno-500-g-aprox-carrefour/R-836658289/p
El mercado,Anillas de pota argentina Carrefour 450 g.,"4,55 €","10,11 €/kg",https://www.carrefour.es/supermercado/anillas-de-pota-argentina-carrefour-450-g-carrefour/R-649302141/p
El mercado,Lacón cocido extra y ahumado a la leña en lonchas sin gluten y sin lactosa 180 g,"2,25 €","12,50 €/kg",https://www.carrefour.es/supermercado/anillas-de-pota-argentina-carrefour-450-g-carrefour/R-649302141/p
El mercado,Queso brie punta President 200 g,"2,95 €","14,75 €/kg",https://www.carrefour.es/supermercado/lacon-cocido-extra-y-ahumado-a-la-lena-en-lonchas-sin-gluten-y-sin-lactosa-180-g/R-VC4AECOMM-445653/p
El mercado,Naranja ecológica Carrefour Bio 1 Kg,"1,99 €","1,99 €/kg",https://www.carrefour.es/supermercado/lacon-cocido-extra-y-ahumado-a-la-lena-en-lonchas-sin-gluten-y-sin-lactosa-180-g/R-VC4AECOMM-445653/p
El mercado,Almeja marinera fresca 500 g,"5,90 €","11,80 €/kg",https://www.carrefour.es/supermercado/queso-brie-punta-president-200-g/R-783928720/p
El mercado,Colines Carrefour 250 g.,"0,44 €","1,76 €/kg",https://www.carrefour.es/supermercado/queso-brie-punta-president-200-g/R-783928720/p
El mercado,Tomate pera ecológico Carrefour Bio 500 g,"1,55 €","3,10 €/kg",https://www.carrefour.es/supermercado/naranja-ecologica-carrefour-bio-1-kg-carrefour-bio/R-584501489/p
El mercado,Queso rulo de cabra Sant Maure 180 g,"3,00 €","16,67 €/kg",https://www.carrefour.es/supermercado/naranja-ecologica-carrefour-bio-1-kg-carrefour-bio/R-584501489/p
El mercado,Berlinas bombón Donuts 4 ud.,"1,99 €","9,05 €/kg",https://www.carrefour.es/supermercado/almeja-marinera-fresca-500-g/R-645501796/p
El mercado,Mousse pato medallón Aoste pack de 2 unidades de 100 g,"3,20 €","16,00 €/kg",https://www.carrefour.es/supermercado/almeja-marinera-fresca-500-g/R-645501796/p
El mercado,Surtido de picos y regañás con aceite de oliva virgen extra Carrefour sin lactosa 450 g.,"1,57 €","3,49 €/kg",https://www.carrefour.es/supermercado/promocion?promoId=promof2550015
El mercado,Lechuga trocadero Carrefour 150 g,"1,65 €","11,00 €/kg",https://www.carrefour.es/supermercado/colines-carrefour-250-g-carrefour/R-prod970953/p
El mercado,Queso gouda lonchas ecológico Carrefour Bio 200 g.,"1,99 €","9,95 €/kg",https://www.carrefour.es/supermercado/colines-carrefour-250-g-carrefour/R-prod970953/p
El mercado,Berlinas de azúcar Carrefour 4 ud,"1,89 €","0,25 €/ud",https://www.carrefour.es/supermercado/tomate-pera-ecologico-carrefour-bio-500-g-carrefour-bio/R-602104264/p
El mercado,Pan de molde con corteza blanca Bimbo 450 g.,"2,09 €","4,20 €/kg",https://www.carrefour.es/supermercado/tomate-pera-ecologico-carrefour-bio-500-g-carrefour-bio/R-602104264/p
El mercado,"Pera blanquilla Carrefour 1,5 kg","1,94 €","1,39 €/kg",https://www.carrefour.es/supermercado/queso-rulo-de-cabra-sant-maure-180-g/R-783928668/p
El mercado,Paté de hígado de cerdo Carrefour pack de 4 unidades de 78 g.,"1,94 €","8,29 €/kg",https://www.carrefour.es/supermercado/queso-rulo-de-cabra-sant-maure-180-g/R-783928668/p
El mercado,Pechuga de Pavo Bonnatur Argal al corte 150 g aprox,"3,75 €","12,95 €/kg",https://www.carrefour.es/supermercado/berlinas-bombon-donuts-4-ud-donuts/R-715505824/p
El mercado,Pechuga pavo mini Campofrío - Pavofrío 380 g.,"1,89 €","8,95 €/kg",https://www.carrefour.es/supermercado/berlinas-bombon-donuts-4-ud-donuts/R-715505824/p
El mercado,Bacalao desmigado desalado Carrefour 250 g.,"2,55 €","15,00 €/kg",https://www.carrefour.es/supermercado/mousse-pato-medallon-aoste-pack-de-2-unidades-de-100-g-aoste/R-522714461/p
El mercado,Picos con aceite de oliva virgen extra Horno Antequerano bolsa 150 g,"1,65 €","12,60 €/kg",https://www.carrefour.es/supermercado/mousse-pato-medallon-aoste-pack-de-2-unidades-de-100-g-aoste/R-522714461/p
El mercado,Boniato ecológico 650 g,"0,81 €","5,10 €/kg",https://www.carrefour.es/supermercado/surtido-de-picos-y-reganas-con-aceite-de-oliva-virgen-extra-carrefour-sin-lactosa-450-g-carrefour/R-prod930292/p
El mercado,Jamón cocido braseado Campofrío Finissimas sin gluten 115 g.,"1,86 €","16,17 €/kg",https://www.carrefour.es/supermercado/jamon-cocido-braseado-campofrio-finissimas-sin-gluten-115-g-campofrio-finissimas/R-521030989/p
El mercado,Pan de hamburguesa artesano Bimbo 4 ud.,"2,10 €","5,80 €/kg",https://www.carrefour.es/supermercado/jamon-cocido-braseado-campofrio-finissimas-sin-gluten-115-g-campofrio-finissimas/R-521030989/p
El mercado,Pan de leche Pasquier 350 g.,"2,39 €","6,00 €/kg",https://www.carrefour.es/supermercado/pan-de-hamburguesa-artesano-bimbo-4-ud-bimbo/R-prod1140182/p
El mercado,Preparado de marisco para paella Carrefour 400 g.,"1,35 €","5,97 €/kg",https://www.carrefour.es/supermercado/pan-de-hamburguesa-artesano-bimbo-4-ud-bimbo/R-prod1140182/p
El mercado,Salchichas con queso fundido estilo frankfurt Carrefour pack de 4 sobres de 140 g.,"1,99 €","2,41 €/kg",https://www.carrefour.es/supermercado/promocion?promoId=promof2530064
El mercado,Tomate mini cherry rama 200 g,"2,80 €","9,95 €/kg",https://www.carrefour.es/supermercado/pan-de-leche-pasquier-350-g-pasquier/R-526501288/p
El mercado,"Queso en lonchas Tranchettes pack de 22 unidades de 17,5 g.","1,65 €","7,27 €/kg",https://www.carrefour.es/supermercado/pan-de-leche-pasquier-350-g-pasquier/R-526501288/p
El mercado,Queso rallado emmental Carrefour sin lactosa 150 g.,"1,13 €","11,00 €/kg",https://www.carrefour.es/supermercado/preparado-de-marisco-para-paella-carrefour-400-g-carrefour/R-prod1130608/p
El mercado,Espinacas hojas en porciones Carrefour 1 kg.,"0,40 €","1,13 €/kg",https://www.carrefour.es/supermercado/preparado-de-marisco-para-paella-carrefour-400-g-carrefour/R-prod1130608/p
El mercado,Barra Baguette Carrefour 250 g,"2,65 €","1,60 €/kg",https://www.carrefour.es/supermercado/salchichas-con-queso-fundido-estilo-frankfurt-carrefour-pack-de-4-sobres-de-140-g/R-fprod1460356/p
El mercado,Salmón ahumado 100 g.,"2,25 €","26,50 €/kg",https://www.carrefour.es/supermercado/salchichas-con-queso-fundido-estilo-frankfurt-carrefour-pack-de-4-sobres-de-140-g/R-fprod1460356/p
El mercado,Jamón cocido y ahumado a la leña extra en lonchas sin gluten y sin lactosa 180 g,"1,36 €","12,50 €/kg",https://www.carrefour.es/supermercado/tomate-mini-cherry-rama-200-g/R-fprod1220371/p
El mercado,Queso de untar ecológico Carrefour Bio 200 g.,"1,89 €","6,80 €/kg",https://www.carrefour.es/supermercado/tomate-mini-cherry-rama-200-g/R-fprod1220371/p
El mercado,Salchichón de pavo extra Carrefour sin gluten pack de 2 unidades de 75 g.,"1,55 €","12,60 €/kg",https://www.carrefour.es/supermercado/queso-en-lonchas-tranchettes-pack-de-22-unidades-de-17-5-g-tranchettes/R-521030616/p
El mercado,Mortadela siciliana em lonchas El Pozo si gluten 225 g.,"1,99 €","6,84 €/kg",https://www.carrefour.es/supermercado/queso-en-lonchas-tranchettes-pack-de-22-unidades-de-17-5-g-tranchettes/R-521030616/p
El mercado,Queso de untar Crème de Camembert Président 125 g.,"1,90 €","12,40 €/kg",https://www.carrefour.es/supermercado/queso-rallado-emmental-carrefour-sin-lactosa-150-g-carrefour-no-lactosa/R-prod63120/p
El mercado,Jamón cocido premium delizias Embutidos Noel 120 g,"1,59 €","18,09 €/kg",https://www.carrefour.es/supermercado/queso-rallado-emmental-carrefour-sin-lactosa-150-g-carrefour-no-lactosa/R-prod63120/p
El mercado,Menestra especial de verduras Carrefour 1 kg.,"1,25 €","1,90 €/kg",https://www.carrefour.es/supermercado/espinacas-hojas-en-porciones-carrefour-1-kg-carrefour/R-546501874/p
El mercado,Brócoli floretes Carrefour 400 g,"0,85 €","3,97 €/kg",https://www.carrefour.es/supermercado/espinacas-hojas-en-porciones-carrefour-1-kg-carrefour/R-546501874/p
El mercado,Ajo-Puerro tierno grande manojo de 150 g,"2,20 €","8,33 €/kg",https://www.carrefour.es/supermercado/barra-baguette-carrefour-250-g-carrefour/R-525964668/p
El mercado,Mortadela Tp Ricura ElPozo 250 g,"2,20 €","3,40 €/kg",https://www.carrefour.es/supermercado/barra-baguette-carrefour-250-g-carrefour/R-525964668/p
El mercado,Queso rallado 4 quesos especial gratinar El Caserío 150 g.,"3,46 €","14,67 €/kg",https://www.carrefour.es/supermercado/salmon-ahumado-100-g-producto-blanco/R-fprod1460414/p
